;timestamp;buyer;seller;symbol;currency;price;quantity
0;0;;;CROISSANTS;SEASHELLS;4241.0;8
1;0;;;JAMS;SEASHELLS;6522.0;6
2;100;;;SQUID_INK;SEASHELLS;1818.0;7
3;200;;;DJEMBES;SEASHELLS;13298.0;2
4;300;;;JAMS;SEASHELLS;6523.0;10
5;400;;;CROISSANTS;SEASHELLS;4242.0;5
6;800;;;CROISSANTS;SEASHELLS;4242.0;5
7;800;;;KELP;SEASHELLS;2040.0;1
8;800;;;KELP;SEASHELLS;2040.0;1
9;800;;;SQUID_INK;SEASHELLS;1813.0;1
10;800;;;SQUID_INK;SEASHELLS;1813.0;1
11;900;;;JAMS;SEASHELLS;6523.0;9
12;1000;;;PICNIC_BASKET2;SEASHELLS;30064.0;7
13;1000;;;RAINFOREST_RESIN;SEASHELLS;9998.0;3
14;1100;;;JAMS;SEASHELLS;6523.0;5
15;1200;;;VOLCANIC_ROCK_VOUCHER_10000;SEASHELLS;182.0;15
16;1200;;;VOLCANIC_ROCK_VOUCHER_10250;SEASHELLS;37.0;15
17;1200;;;VOLCANIC_ROCK_VOUCHER_10500;SEASHELLS;3.0;15
18;1200;;;VOLCANIC_ROCK_VOUCHER_9500;SEASHELLS;669.0;15
19;1200;;;VOLCANIC_ROCK_VOUCHER_9750;SEASHELLS;420.0;15
20;1300;;;KELP;SEASHELLS;2040.0;1
21;1300;;;KELP;SEASHELLS;2039.0;2
22;1300;;;RAINFOREST_RESIN;SEASHELLS;10001.0;1
23;1300;;;SQUID_INK;SEASHELLS;1819.0;1
24;1300;;;SQUID_INK;SEASHELLS;1819.0;2
25;1400;;;KELP;SEASHELLS;2040.0;2
26;1400;;;RAINFOREST_RESIN;SEASHELLS;10002.0;4
27;1400;;;SQUID_INK;SEASHELLS;1820.0;2
28;1500;;;KELP;SEASHELLS;2040.0;1
29;1500;;;SQUID_INK;SEASHELLS;1820.0;1
30;1700;;;RAINFOREST_RESIN;SEASHELLS;10002.0;4
31;1700;;;VOLCANIC_ROCK;SEASHELLS;10171.0;2
32;1800;;;KELP;SEASHELLS;2041.0;3
33;1800;;;KELP;SEASHELLS;2041.0;2
34;1800;;;SQUID_INK;SEASHELLS;1822.0;3
35;1800;;;SQUID_INK;SEASHELLS;1822.0;2
36;2000;;;JAMS;SEASHELLS;6519.0;4
37;2100;;;PICNIC_BASKET1;SEASHELLS;58401.0;9
38;2100;;;PICNIC_BASKET2;SEASHELLS;30051.0;9
39;2100;;;VOLCANIC_ROCK_VOUCHER_10000;SEASHELLS;190.0;13
40;2100;;;VOLCANIC_ROCK_VOUCHER_9500;SEASHELLS;676.0;13
41;2100;;;VOLCANIC_ROCK_VOUCHER_9750;SEASHELLS;427.0;13
42;2300;;;CROISSANTS;SEASHELLS;4241.0;10
43;2300;;;RAINFOREST_RESIN;SEASHELLS;10003.0;7
44;2400;;;RAINFOREST_RESIN;SEASHELLS;10008.0;1
45;2500;;;DJEMBES;SEASHELLS;13299.0;5
46;2500;;;JAMS;SEASHELLS;6516.0;9
47;2500;;;RAINFOREST_RESIN;SEASHELLS;9992.0;2
48;2600;;;KELP;SEASHELLS;2040.0;1
49;2600;;;KELP;SEASHELLS;2040.0;6
50;2600;;;KELP;SEASHELLS;2040.0;1
51;2600;;;SQUID_INK;SEASHELLS;1822.0;1
52;2600;;;SQUID_INK;SEASHELLS;1822.0;6
53;2600;;;SQUID_INK;SEASHELLS;1822.0;1
54;2600;;;VOLCANIC_ROCK;SEASHELLS;10167.0;5
55;2700;;;JAMS;SEASHELLS;6516.0;5
56;2700;;;JAMS;SEASHELLS;6518.0;9
57;3000;;;KELP;SEASHELLS;2040.0;1
58;3000;;;SQUID_INK;SEASHELLS;1823.0;1
59;3300;;;DJEMBES;SEASHELLS;13300.0;4
60;3700;;;KELP;SEASHELLS;2040.0;1
61;3700;;;SQUID_INK;SEASHELLS;1828.0;1
62;3800;;;KELP;SEASHELLS;2043.0;2
63;3800;;;SQUID_INK;SEASHELLS;1832.0;2
64;3900;;;KELP;SEASHELLS;2042.0;1
65;3900;;;SQUID_INK;SEASHELLS;1831.0;1
66;4100;;;KELP;SEASHELLS;2041.0;3
67;4100;;;SQUID_INK;SEASHELLS;1832.0;3
68;4100;;;VOLCANIC_ROCK_VOUCHER_10000;SEASHELLS;180.0;10
69;4100;;;VOLCANIC_ROCK_VOUCHER_10000;SEASHELLS;180.0;2
70;4100;;;VOLCANIC_ROCK_VOUCHER_10250;SEASHELLS;35.0;10
71;4100;;;VOLCANIC_ROCK_VOUCHER_10250;SEASHELLS;35.0;2
72;4100;;;VOLCANIC_ROCK_VOUCHER_10500;SEASHELLS;3.0;10
73;4100;;;VOLCANIC_ROCK_VOUCHER_10500;SEASHELLS;3.0;2
74;4100;;;VOLCANIC_ROCK_VOUCHER_9500;SEASHELLS;662.0;10
75;4100;;;VOLCANIC_ROCK_VOUCHER_9500;SEASHELLS;662.0;2
76;4100;;;VOLCANIC_ROCK_VOUCHER_9750;SEASHELLS;413.0;10
77;4100;;;VOLCANIC_ROCK_VOUCHER_9750;SEASHELLS;413.0;2
79;4300;;;KELP;SEASHELLS;2039.0;4
80;4300;;;KELP;SEASHELLS;2039.0;1
81;4300;;;SQUID_INK;SEASHELLS;1833.0;4
82;4300;;;SQUID_INK;SEASHELLS;1833.0;1
83;4500;;;KELP;SEASHELLS;2039.0;1
84;4500;;;SQUID_INK;SEASHELLS;1834.0;1
85;4600;;;CROISSANTS;SEASHELLS;4239.0;8
86;4600;;;RAINFOREST_RESIN;SEASHELLS;10008.0;8
87;4700;;;JAMS;SEASHELLS;6515.0;6
88;4900;;;CROISSANTS;SEASHELLS;4238.0;5
89;5000;;;RAINFOREST_RESIN;SEASHELLS;10002.0;4
90;5100;;;KELP;SEASHELLS;2039.0;8
91;5100;;;RAINFOREST_RESIN;SEASHELLS;10000.0;2
92;5100;;;SQUID_INK;SEASHELLS;1835.0;8
93;5200;;;RAINFOREST_RESIN;SEASHELLS;9998.0;3
94;5300;;;KELP;SEASHELLS;2039.0;7
95;5300;;;RAINFOREST_RESIN;SEASHELLS;9992.0;7
96;5300;;;SQUID_INK;SEASHELLS;1836.0;7
97;5700;;;KELP;SEASHELLS;2039.0;2
98;5700;;;SQUID_INK;SEASHELLS;1838.0;2
99;5800;;;RAINFOREST_RESIN;SEASHELLS;9992.0;6
100;5900;;;VOLCANIC_ROCK;SEASHELLS;10157.0;5
101;6000;;;RAINFOREST_RESIN;SEASHELLS;9992.0;4
102;6100;;;CROISSANTS;SEASHELLS;4239.0;7
104;6300;;;KELP;SEASHELLS;2039.0;2
105;6300;;;KELP;SEASHELLS;2038.0;1
106;6300;;;KELP;SEASHELLS;2039.0;8
107;6300;;;RAINFOREST_RESIN;SEASHELLS;10008.0;4
108;6300;;;SQUID_INK;SEASHELLS;1836.0;10
109;6300;;;SQUID_INK;SEASHELLS;1836.0;1
110;6400;;;KELP;SEASHELLS;2039.0;1
111;6400;;;SQUID_INK;SEASHELLS;1837.0;1
112;6600;;;CROISSANTS;SEASHELLS;4239.0;8
113;6700;;;DJEMBES;SEASHELLS;13298.0;4
114;6700;;;RAINFOREST_RESIN;SEASHELLS;9998.0;3
115;6900;;;CROISSANTS;SEASHELLS;4239.0;7
116;6900;;;RAINFOREST_RESIN;SEASHELLS;10008.0;1
117;7200;;;CROISSANTS;SEASHELLS;4238.0;4
118;7300;;;RAINFOREST_RESIN;SEASHELLS;10002.0;4
119;7500;;;KELP;SEASHELLS;2039.0;5
120;7500;;;VOLCANIC_ROCK;SEASHELLS;10163.0;6
121;7700;;;KELP;SEASHELLS;2040.0;1
122;7700;;;SQUID_INK;SEASHELLS;1842.0;1
123;7800;;;DJEMBES;SEASHELLS;13290.0;4
124;7800;;;RAINFOREST_RESIN;SEASHELLS;10002.0;5
125;8000;;;KELP;SEASHELLS;2040.0;1
126;8000;;;KELP;SEASHELLS;2041.0;2
127;8000;;;SQUID_INK;SEASHELLS;1841.0;1
128;8000;;;SQUID_INK;SEASHELLS;1842.0;2
129;8100;;;KELP;SEASHELLS;2038.0;1
130;8100;;;SQUID_INK;SEASHELLS;1838.0;1
131;8200;;;RAINFOREST_RESIN;SEASHELLS;10008.0;2
132;8600;;;DJEMBES;SEASHELLS;13295.0;2
133;8700;;;RAINFOREST_RESIN;SEASHELLS;9992.0;2
134;8800;;;JAMS;SEASHELLS;6512.0;4
135;8800;;;RAINFOREST_RESIN;SEASHELLS;9997.0;4
136;8800;;;RAINFOREST_RESIN;SEASHELLS;9992.0;1
137;9100;;;CROISSANTS;SEASHELLS;4239.0;5
138;9100;;;KELP;SEASHELLS;2038.0;1
139;9100;;;RAINFOREST_RESIN;SEASHELLS;10002.0;1
140;9100;;;SQUID_INK;SEASHELLS;1840.0;1
141;9400;;;VOLCANIC_ROCK_VOUCHER_10000;SEASHELLS;178.0;19
142;9400;;;VOLCANIC_ROCK_VOUCHER_10000;SEASHELLS;178.0;1
143;9400;;;VOLCANIC_ROCK_VOUCHER_10250;SEASHELLS;35.0;19
144;9400;;;VOLCANIC_ROCK_VOUCHER_10250;SEASHELLS;35.0;1
145;9400;;;VOLCANIC_ROCK_VOUCHER_10500;SEASHELLS;3.0;19
146;9400;;;VOLCANIC_ROCK_VOUCHER_10500;SEASHELLS;3.0;1
147;9400;;;VOLCANIC_ROCK_VOUCHER_9500;SEASHELLS;663.0;19
148;9400;;;VOLCANIC_ROCK_VOUCHER_9500;SEASHELLS;663.0;1
149;9400;;;VOLCANIC_ROCK_VOUCHER_9750;SEASHELLS;414.0;19
150;9400;;;VOLCANIC_ROCK_VOUCHER_9750;SEASHELLS;414.0;1
151;9500;;;CROISSANTS;SEASHELLS;4239.0;6
152;9600;;;KELP;SEASHELLS;2037.0;1
153;9600;;;KELP;SEASHELLS;2038.0;3
154;9600;;;RAINFOREST_RESIN;SEASHELLS;9999.0;1
155;9600;;;SQUID_INK;SEASHELLS;1841.0;1
156;9600;;;SQUID_INK;SEASHELLS;1842.0;3
157;9700;;;KELP;SEASHELLS;2037.0;1
158;9800;;;RAINFOREST_RESIN;SEASHELLS;9998.0;3
159;9900;;;DJEMBES;SEASHELLS;13295.0;1
160;10000;;;CROISSANTS;SEASHELLS;4239.0;5
161;10000;;;VOLCANIC_ROCK_VOUCHER_10000;SEASHELLS;180.0;11
162;10000;;;VOLCANIC_ROCK_VOUCHER_10250;SEASHELLS;35.0;11
163;10000;;;VOLCANIC_ROCK_VOUCHER_10500;SEASHELLS;3.0;11
164;10000;;;VOLCANIC_ROCK_VOUCHER_9500;SEASHELLS;662.0;11
165;10000;;;VOLCANIC_ROCK_VOUCHER_9750;SEASHELLS;413.0;11
166;10200;;;VOLCANIC_ROCK_VOUCHER_10000;SEASHELLS;181.0;14
167;10200;;;VOLCANIC_ROCK_VOUCHER_10250;SEASHELLS;35.0;14
168;10200;;;VOLCANIC_ROCK_VOUCHER_10500;SEASHELLS;3.0;14
169;10200;;;VOLCANIC_ROCK_VOUCHER_9500;SEASHELLS;662.0;14
170;10200;;;VOLCANIC_ROCK_VOUCHER_9750;SEASHELLS;414.0;14
171;10300;;;RAINFOREST_RESIN;SEASHELLS;9992.0;2
172;10800;;;KELP;SEASHELLS;2039.0;1
173;10800;;;RAINFOREST_RESIN;SEASHELLS;10008.0;8
174;10800;;;SQUID_INK;SEASHELLS;1847.0;1
175;10800;;;SQUID_INK;SEASHELLS;1847.0;11
176;10900;;;KELP;SEASHELLS;2037.0;2
177;11300;;;RAINFOREST_RESIN;SEASHELLS;10008.0;1
178;11400;;;KELP;SEASHELLS;2038.0;1
179;11400;;;KELP;SEASHELLS;2037.0;2
180;11400;;;SQUID_INK;SEASHELLS;1847.0;1
181;11400;;;SQUID_INK;SEASHELLS;1846.0;2
182;11500;;;CROISSANTS;SEASHELLS;4238.0;8
183;11500;;;VOLCANIC_ROCK;SEASHELLS;10164.0;8
184;11600;;;JAMS;SEASHELLS;6515.0;8
185;11800;;;KELP;SEASHELLS;2036.0;1
186;11800;;;SQUID_INK;SEASHELLS;1846.0;1
187;11800;;;VOLCANIC_ROCK_VOUCHER_10000;SEASHELLS;175.0;10
188;11800;;;VOLCANIC_ROCK_VOUCHER_10250;SEASHELLS;34.0;10
189;11800;;;VOLCANIC_ROCK_VOUCHER_9500;SEASHELLS;659.0;10
190;11800;;;VOLCANIC_ROCK_VOUCHER_9750;SEASHELLS;410.0;10
191;11900;;;CROISSANTS;SEASHELLS;4238.0;8
192;12000;;;JAMS;SEASHELLS;6514.0;7
193;12000;;;KELP;SEASHELLS;2037.0;1
194;12000;;;SQUID_INK;SEASHELLS;1847.0;1
195;12100;;;CROISSANTS;SEASHELLS;4238.0;8
196;12100;;;DJEMBES;SEASHELLS;13301.0;1
197;12200;;;KELP;SEASHELLS;2040.0;2
198;12200;;;PICNIC_BASKET1;SEASHELLS;58356.0;8
199;12200;;;PICNIC_BASKET2;SEASHELLS;30084.0;8
200;12200;;;SQUID_INK;SEASHELLS;1849.0;2
201;12300;;;KELP;SEASHELLS;2039.0;1
202;12300;;;SQUID_INK;SEASHELLS;1848.0;1
203;12400;;;KELP;SEASHELLS;2039.0;1
204;12400;;;SQUID_INK;SEASHELLS;1849.0;1
205;12500;;;KELP;SEASHELLS;2039.0;3
206;12600;;;PICNIC_BASKET1;SEASHELLS;58348.0;1
207;12700;;;KELP;SEASHELLS;2037.0;1
208;12800;;;KELP;SEASHELLS;2039.0;2
209;12800;;;SQUID_INK;SEASHELLS;1848.0;2
210;12800;;;VOLCANIC_ROCK_VOUCHER_10000;SEASHELLS;138.0;11
211;12800;;;VOLCANIC_ROCK_VOUCHER_10250;SEASHELLS;22.0;11
212;12800;;;VOLCANIC_ROCK_VOUCHER_10500;SEASHELLS;2.0;11
213;12800;;;VOLCANIC_ROCK_VOUCHER_9500;SEASHELLS;613.0;11
214;12800;;;VOLCANIC_ROCK_VOUCHER_9750;SEASHELLS;364.0;11
215;12900;;;PICNIC_BASKET1;SEASHELLS;58343.0;2
216;12900;;;PICNIC_BASKET2;SEASHELLS;30075.0;2
217;12900;;;VOLCANIC_ROCK;SEASHELLS;10114.0;10
218;13000;;;DJEMBES;SEASHELLS;13301.0;5
219;13200;;;RAINFOREST_RESIN;SEASHELLS;9998.0;1
220;13300;;;KELP;SEASHELLS;2038.0;1
221;13300;;;SQUID_INK;SEASHELLS;1852.0;1
222;13300;;;VOLCANIC_ROCK;SEASHELLS;10114.0;3
223;13400;;;KELP;SEASHELLS;2038.0;1
224;13400;;;SQUID_INK;SEASHELLS;1853.0;1
226;13700;;;KELP;SEASHELLS;2040.0;1
227;13700;;;VOLCANIC_ROCK_VOUCHER_10000;SEASHELLS;147.0;11
228;13700;;;VOLCANIC_ROCK_VOUCHER_9500;SEASHELLS;621.0;11
229;13700;;;VOLCANIC_ROCK_VOUCHER_9750;SEASHELLS;373.0;11
230;13800;;;DJEMBES;SEASHELLS;13300.0;10
231;13800;;;RAINFOREST_RESIN;SEASHELLS;10002.0;5
232;14200;;;DJEMBES;SEASHELLS;13302.0;2
233;14200;;;RAINFOREST_RESIN;SEASHELLS;10003.0;6
234;14300;;;VOLCANIC_ROCK_VOUCHER_10000;SEASHELLS;153.0;16
235;14300;;;VOLCANIC_ROCK_VOUCHER_10000;SEASHELLS;153.0;1
236;14300;;;VOLCANIC_ROCK_VOUCHER_10250;SEASHELLS;26.0;16
237;14300;;;VOLCANIC_ROCK_VOUCHER_10250;SEASHELLS;26.0;1
238;14300;;;VOLCANIC_ROCK_VOUCHER_10500;SEASHELLS;2.0;16
239;14300;;;VOLCANIC_ROCK_VOUCHER_10500;SEASHELLS;2.0;1
240;14300;;;VOLCANIC_ROCK_VOUCHER_9500;SEASHELLS;629.0;16
241;14300;;;VOLCANIC_ROCK_VOUCHER_9500;SEASHELLS;629.0;1
242;14300;;;VOLCANIC_ROCK_VOUCHER_9750;SEASHELLS;382.0;16
243;14300;;;VOLCANIC_ROCK_VOUCHER_9750;SEASHELLS;382.0;1
244;14400;;;DJEMBES;SEASHELLS;13301.0;2
245;14500;;;JAMS;SEASHELLS;6515.0;3
246;14600;;;VOLCANIC_ROCK;SEASHELLS;10127.0;6
247;14600;;;VOLCANIC_ROCK_VOUCHER_10000;SEASHELLS;151.0;12
248;14600;;;VOLCANIC_ROCK_VOUCHER_10250;SEASHELLS;25.0;12
249;14600;;;VOLCANIC_ROCK_VOUCHER_10500;SEASHELLS;2.0;12
250;14600;;;VOLCANIC_ROCK_VOUCHER_9500;SEASHELLS;627.0;12
251;14600;;;VOLCANIC_ROCK_VOUCHER_9750;SEASHELLS;379.0;12
252;14700;;;CROISSANTS;SEASHELLS;4238.0;5
253;14700;;;KELP;SEASHELLS;2039.0;2
254;14700;;;SQUID_INK;SEASHELLS;1853.0;2
255;14900;;;CROISSANTS;SEASHELLS;4238.0;5
256;15000;;;KELP;SEASHELLS;2039.0;1
258;15000;;;PICNIC_BASKET1;SEASHELLS;58335.0;1
259;15000;;;PICNIC_BASKET1;SEASHELLS;58335.0;4
260;15000;;;PICNIC_BASKET2;SEASHELLS;30076.0;1
261;15000;;;PICNIC_BASKET2;SEASHELLS;30076.0;4
262;15000;;;SQUID_INK;SEASHELLS;1852.0;1
263;15200;;;SQUID_INK;SEASHELLS;1853.0;2
264;15300;;;PICNIC_BASKET1;SEASHELLS;58325.0;2
265;15300;;;PICNIC_BASKET1;SEASHELLS;58325.0;4
266;15300;;;SQUID_INK;SEASHELLS;1852.0;1
267;15500;;;KELP;SEASHELLS;2039.0;10
268;15500;;;SQUID_INK;SEASHELLS;1849.0;10
270;15600;;;PICNIC_BASKET1;SEASHELLS;58324.0;1
271;15700;;;CROISSANTS;SEASHELLS;4236.0;9
272;15800;;;RAINFOREST_RESIN;SEASHELLS;9999.0;1
273;15800;;;VOLCANIC_ROCK_VOUCHER_10000;SEASHELLS;155.0;6
274;15800;;;VOLCANIC_ROCK_VOUCHER_10250;SEASHELLS;26.0;6
275;15800;;;VOLCANIC_ROCK_VOUCHER_10500;SEASHELLS;2.0;6
276;15800;;;VOLCANIC_ROCK_VOUCHER_9500;SEASHELLS;632.0;6
277;15800;;;VOLCANIC_ROCK_VOUCHER_9750;SEASHELLS;384.0;6
278;15900;;;KELP;SEASHELLS;2041.0;1
279;15900;;;SQUID_INK;SEASHELLS;1856.0;1
280;16000;;;KELP;SEASHELLS;2039.0;9
281;16000;;;SQUID_INK;SEASHELLS;1854.0;9
282;16100;;;JAMS;SEASHELLS;6514.0;9
283;16200;;;KELP;SEASHELLS;2039.0;1
284;16200;;;SQUID_INK;SEASHELLS;1850.0;1
285;16300;;;KELP;SEASHELLS;2040.0;2
286;16300;;;SQUID_INK;SEASHELLS;1849.0;2
287;16400;;;PICNIC_BASKET1;SEASHELLS;58319.0;1
288;16400;;;PICNIC_BASKET2;SEASHELLS;30062.0;6
289;16500;;;RAINFOREST_RESIN;SEASHELLS;9999.0;1
290;16800;;;KELP;SEASHELLS;2041.0;4
292;16900;;;CROISSANTS;SEASHELLS;4236.0;6
293;17000;;;DJEMBES;SEASHELLS;13307.0;2
294;17100;;;KELP;SEASHELLS;2042.0;2
295;17100;;;SQUID_INK;SEASHELLS;1849.0;2
296;17300;;;JAMS;SEASHELLS;6514.0;11
297;17300;;;RAINFOREST_RESIN;SEASHELLS;10001.0;1
298;17600;;;CROISSANTS;SEASHELLS;4238.0;6
299;17600;;;VOLCANIC_ROCK_VOUCHER_10000;SEASHELLS;158.0;16
300;17600;;;VOLCANIC_ROCK_VOUCHER_10000;SEASHELLS;158.0;2
301;17600;;;VOLCANIC_ROCK_VOUCHER_10250;SEASHELLS;28.0;16
302;17600;;;VOLCANIC_ROCK_VOUCHER_10250;SEASHELLS;28.0;2
303;17600;;;VOLCANIC_ROCK_VOUCHER_10500;SEASHELLS;2.0;16
304;17600;;;VOLCANIC_ROCK_VOUCHER_10500;SEASHELLS;2.0;2
305;17600;;;VOLCANIC_ROCK_VOUCHER_9500;SEASHELLS;639.0;16
306;17600;;;VOLCANIC_ROCK_VOUCHER_9500;SEASHELLS;639.0;2
307;17600;;;VOLCANIC_ROCK_VOUCHER_9750;SEASHELLS;390.0;16
308;17600;;;VOLCANIC_ROCK_VOUCHER_9750;SEASHELLS;390.0;2
309;17700;;;JAMS;SEASHELLS;6514.0;8
310;17900;;;CROISSANTS;SEASHELLS;4237.0;8
311;17900;;;KELP;SEASHELLS;2040.0;3
312;17900;;;KELP;SEASHELLS;2040.0;1
313;17900;;;KELP;SEASHELLS;2038.0;1
314;17900;;;SQUID_INK;SEASHELLS;1846.0;3
315;17900;;;SQUID_INK;SEASHELLS;1846.0;1
316;17900;;;SQUID_INK;SEASHELLS;1844.0;1
317;18000;;;JAMS;SEASHELLS;6512.0;8
318;18300;;;JAMS;SEASHELLS;6512.0;8
319;18300;;;KELP;SEASHELLS;2040.0;1
320;18300;;;SQUID_INK;SEASHELLS;1847.0;1
321;18400;;;DJEMBES;SEASHELLS;13303.0;7
322;18500;;;RAINFOREST_RESIN;SEASHELLS;9992.0;4
323;18700;;;RAINFOREST_RESIN;SEASHELLS;10001.0;1
324;19100;;;CROISSANTS;SEASHELLS;4235.0;5
325;19100;;;JAMS;SEASHELLS;6515.0;5
326;19200;;;JAMS;SEASHELLS;6514.0;3
327;19500;;;SQUID_INK;SEASHELLS;1837.0;1
328;19700;;;RAINFOREST_RESIN;SEASHELLS;10008.0;5
329;19700;;;RAINFOREST_RESIN;SEASHELLS;10001.0;1
330;19700;;;VOLCANIC_ROCK_VOUCHER_10000;SEASHELLS;159.0;11
331;19700;;;VOLCANIC_ROCK_VOUCHER_10250;SEASHELLS;27.0;11
332;19700;;;VOLCANIC_ROCK_VOUCHER_10500;SEASHELLS;2.0;11
333;19700;;;VOLCANIC_ROCK_VOUCHER_9500;SEASHELLS;636.0;11
334;19700;;;VOLCANIC_ROCK_VOUCHER_9750;SEASHELLS;388.0;11
335;20200;;;RAINFOREST_RESIN;SEASHELLS;10001.0;1
336;20500;;;JAMS;SEASHELLS;6514.0;10
337;20600;;;KELP;SEASHELLS;2036.0;1
338;20600;;;SQUID_INK;SEASHELLS;1835.0;1
339;20700;;;JAMS;SEASHELLS;6515.0;6
340;20700;;;RAINFOREST_RESIN;SEASHELLS;9992.0;2
341;20800;;;CROISSANTS;SEASHELLS;4236.0;5
342;20900;;;CROISSANTS;SEASHELLS;4236.0;6
343;20900;;;KELP;SEASHELLS;2037.0;1
344;20900;;;SQUID_INK;SEASHELLS;1839.0;11
345;21000;;;RAINFOREST_RESIN;SEASHELLS;9992.0;2
346;21100;;;KELP;SEASHELLS;2037.0;5
347;21100;;;SQUID_INK;SEASHELLS;1840.0;5
348;21300;;;JAMS;SEASHELLS;6513.0;5
349;21500;;;KELP;SEASHELLS;2037.0;1
350;21500;;;RAINFOREST_RESIN;SEASHELLS;10008.0;2
351;21500;;;SQUID_INK;SEASHELLS;1842.0;1
352;21800;;;DJEMBES;SEASHELLS;13305.0;5
353;22000;;;KELP;SEASHELLS;2041.0;15
354;22000;;;SQUID_INK;SEASHELLS;1845.0;15
355;22100;;;RAINFOREST_RESIN;SEASHELLS;9997.0;7
356;22200;;;KELP;SEASHELLS;2041.0;8
358;22200;;;SQUID_INK;SEASHELLS;1846.0;8
359;22200;;;VOLCANIC_ROCK;SEASHELLS;10140.0;6
360;22300;;;CROISSANTS;SEASHELLS;4236.0;10
361;22400;;;KELP;SEASHELLS;2040.0;6
362;22400;;;KELP;SEASHELLS;2040.0;6
363;22400;;;SQUID_INK;SEASHELLS;1845.0;6
364;22400;;;SQUID_INK;SEASHELLS;1845.0;6
365;22500;;;PICNIC_BASKET1;SEASHELLS;58296.0;6
366;22500;;;PICNIC_BASKET2;SEASHELLS;30055.0;6
367;22600;;;KELP;SEASHELLS;2041.0;10
368;22600;;;SQUID_INK;SEASHELLS;1846.0;10
369;22700;;;KELP;SEASHELLS;2040.0;1
370;22700;;;SQUID_INK;SEASHELLS;1847.0;1
371;22700;;;VOLCANIC_ROCK_VOUCHER_10000;SEASHELLS;163.0;12
372;22700;;;VOLCANIC_ROCK_VOUCHER_10250;SEASHELLS;29.0;12
373;22700;;;VOLCANIC_ROCK_VOUCHER_10500;SEASHELLS;2.0;12
374;22700;;;VOLCANIC_ROCK_VOUCHER_9500;SEASHELLS;642.0;12
375;22700;;;VOLCANIC_ROCK_VOUCHER_9750;SEASHELLS;393.0;12
376;22800;;;VOLCANIC_ROCK;SEASHELLS;10141.0;3
377;22900;;;JAMS;SEASHELLS;6512.0;9
378;22900;;;VOLCANIC_ROCK_VOUCHER_10000;SEASHELLS;162.0;7
379;22900;;;VOLCANIC_ROCK_VOUCHER_10250;SEASHELLS;29.0;7
380;22900;;;VOLCANIC_ROCK_VOUCHER_10500;SEASHELLS;2.0;7
381;22900;;;VOLCANIC_ROCK_VOUCHER_9500;SEASHELLS;641.0;7
382;22900;;;VOLCANIC_ROCK_VOUCHER_9750;SEASHELLS;392.0;7
383;23000;;;PICNIC_BASKET1;SEASHELLS;58295.0;1
384;23000;;;PICNIC_BASKET2;SEASHELLS;30059.0;6
385;23000;;;VOLCANIC_ROCK_VOUCHER_10000;SEASHELLS;161.0;13
386;23000;;;VOLCANIC_ROCK_VOUCHER_10000;SEASHELLS;161.0;1
387;23000;;;VOLCANIC_ROCK_VOUCHER_10250;SEASHELLS;29.0;13
388;23000;;;VOLCANIC_ROCK_VOUCHER_10250;SEASHELLS;29.0;1
389;23000;;;VOLCANIC_ROCK_VOUCHER_10500;SEASHELLS;2.0;13
390;23000;;;VOLCANIC_ROCK_VOUCHER_10500;SEASHELLS;2.0;1
391;23000;;;VOLCANIC_ROCK_VOUCHER_9500;SEASHELLS;641.0;13
392;23000;;;VOLCANIC_ROCK_VOUCHER_9500;SEASHELLS;641.0;1
393;23000;;;VOLCANIC_ROCK_VOUCHER_9750;SEASHELLS;393.0;13
394;23000;;;VOLCANIC_ROCK_VOUCHER_9750;SEASHELLS;393.0;1
395;23200;;;CROISSANTS;SEASHELLS;4236.0;7
396;23400;;;CROISSANTS;SEASHELLS;4235.0;8
397;23500;;;CROISSANTS;SEASHELLS;4235.0;8
398;23500;;;DJEMBES;SEASHELLS;13301.0;4
399;23600;;;KELP;SEASHELLS;2038.0;1
400;23600;;;RAINFOREST_RESIN;SEASHELLS;10008.0;1
401;23700;;;CROISSANTS;SEASHELLS;4235.0;8
402;23700;;;DJEMBES;SEASHELLS;13303.0;3
403;23800;;;KELP;SEASHELLS;2041.0;14
404;23800;;;SQUID_INK;SEASHELLS;1849.0;14
405;23900;;;JAMS;SEASHELLS;6510.0;6
406;24200;;;JAMS;SEASHELLS;6512.0;5
407;24300;;;RAINFOREST_RESIN;SEASHELLS;9997.0;7
408;24400;;;KELP;SEASHELLS;2040.0;1
409;24400;;;SQUID_INK;SEASHELLS;1851.0;1
410;24400;;;VOLCANIC_ROCK_VOUCHER_10000;SEASHELLS;164.0;16
411;24400;;;VOLCANIC_ROCK_VOUCHER_10250;SEASHELLS;29.0;16
412;24400;;;VOLCANIC_ROCK_VOUCHER_10500;SEASHELLS;2.0;16
413;24400;;;VOLCANIC_ROCK_VOUCHER_9500;SEASHELLS;642.0;16
414;24400;;;VOLCANIC_ROCK_VOUCHER_9750;SEASHELLS;394.0;16
415;24500;;;KELP;SEASHELLS;2037.0;1
416;24500;;;RAINFOREST_RESIN;SEASHELLS;10008.0;2
417;24500;;;SQUID_INK;SEASHELLS;1848.0;1
418;24600;;;KELP;SEASHELLS;2040.0;1
419;24600;;;RAINFOREST_RESIN;SEASHELLS;10002.0;4
420;24600;;;SQUID_INK;SEASHELLS;1849.0;1
421;24700;;;CROISSANTS;SEASHELLS;4236.0;6
422;24700;;;RAINFOREST_RESIN;SEASHELLS;10002.0;4
423;24900;;;RAINFOREST_RESIN;SEASHELLS;10001.0;1
424;25000;;;RAINFOREST_RESIN;SEASHELLS;10008.0;5
425;25200;;;KELP;SEASHELLS;2038.0;5
426;25200;;;RAINFOREST_RESIN;SEASHELLS;9998.0;5
427;25200;;;SQUID_INK;SEASHELLS;1850.0;5
428;25300;;;CROISSANTS;SEASHELLS;4237.0;5
429;25300;;;JAMS;SEASHELLS;6511.0;8
430;25500;;;JAMS;SEASHELLS;6513.0;4
431;25500;;;KELP;SEASHELLS;2038.0;1
432;25500;;;SQUID_INK;SEASHELLS;1849.0;1
433;25500;;;VOLCANIC_ROCK;SEASHELLS;10147.0;10
434;25600;;;CROISSANTS;SEASHELLS;4237.0;8
435;25800;;;KELP;SEASHELLS;2041.0;1
436;25800;;;SQUID_INK;SEASHELLS;1853.0;1
437;25900;;;KELP;SEASHELLS;2041.0;2
438;25900;;;KELP;SEASHELLS;2040.0;1
439;25900;;;SQUID_INK;SEASHELLS;1852.0;2
440;25900;;;SQUID_INK;SEASHELLS;1851.0;1
441;26000;;;KELP;SEASHELLS;2038.0;1
442;26000;;;KELP;SEASHELLS;2041.0;1
443;26000;;;SQUID_INK;SEASHELLS;1848.0;1
444;26000;;;SQUID_INK;SEASHELLS;1851.0;1
445;26200;;;JAMS;SEASHELLS;6512.0;12
446;26500;;;JAMS;SEASHELLS;6512.0;6
447;26500;;;RAINFOREST_RESIN;SEASHELLS;10008.0;6
448;26600;;;VOLCANIC_ROCK_VOUCHER_10000;SEASHELLS;158.0;12
449;26600;;;VOLCANIC_ROCK_VOUCHER_10000;SEASHELLS;158.0;1
450;26600;;;VOLCANIC_ROCK_VOUCHER_10250;SEASHELLS;28.0;12
451;26600;;;VOLCANIC_ROCK_VOUCHER_10250;SEASHELLS;28.0;1
452;26600;;;VOLCANIC_ROCK_VOUCHER_10500;SEASHELLS;2.0;12
453;26600;;;VOLCANIC_ROCK_VOUCHER_10500;SEASHELLS;2.0;1
454;26600;;;VOLCANIC_ROCK_VOUCHER_9500;SEASHELLS;637.0;12
455;26600;;;VOLCANIC_ROCK_VOUCHER_9500;SEASHELLS;637.0;1
456;26600;;;VOLCANIC_ROCK_VOUCHER_9750;SEASHELLS;389.0;12
457;26600;;;VOLCANIC_ROCK_VOUCHER_9750;SEASHELLS;389.0;1
458;26700;;;KELP;SEASHELLS;2038.0;1
459;26700;;;KELP;SEASHELLS;2038.0;14
460;26700;;;PICNIC_BASKET1;SEASHELLS;58279.0;1
461;26700;;;PICNIC_BASKET2;SEASHELLS;30051.0;1
462;26700;;;SQUID_INK;SEASHELLS;1848.0;1
463;26700;;;SQUID_INK;SEASHELLS;1848.0;14
464;26800;;;JAMS;SEASHELLS;6514.0;7
465;27000;;;VOLCANIC_ROCK_VOUCHER_10000;SEASHELLS;158.0;7
466;27000;;;VOLCANIC_ROCK_VOUCHER_10250;SEASHELLS;28.0;7
467;27000;;;VOLCANIC_ROCK_VOUCHER_10500;SEASHELLS;2.0;7
468;27000;;;VOLCANIC_ROCK_VOUCHER_9500;SEASHELLS;637.0;7
469;27000;;;VOLCANIC_ROCK_VOUCHER_9750;SEASHELLS;389.0;7
470;27200;;;KELP;SEASHELLS;2038.0;6
471;27200;;;KELP;SEASHELLS;2038.0;6
472;27200;;;PICNIC_BASKET1;SEASHELLS;58299.0;2
473;27200;;;RAINFOREST_RESIN;SEASHELLS;10008.0;2
474;27200;;;SQUID_INK;SEASHELLS;1842.0;6
475;27200;;;SQUID_INK;SEASHELLS;1842.0;6
476;27300;;;JAMS;SEASHELLS;6516.0;8
477;27300;;;VOLCANIC_ROCK;SEASHELLS;10140.0;2
478;27500;;;JAMS;SEASHELLS;6515.0;4
479;27500;;;RAINFOREST_RESIN;SEASHELLS;9992.0;1
480;27700;;;VOLCANIC_ROCK_VOUCHER_10000;SEASHELLS;161.0;13
481;27700;;;VOLCANIC_ROCK_VOUCHER_10250;SEASHELLS;29.0;13
482;27700;;;VOLCANIC_ROCK_VOUCHER_10500;SEASHELLS;2.0;13
483;27700;;;VOLCANIC_ROCK_VOUCHER_9500;SEASHELLS;644.0;13
484;27700;;;VOLCANIC_ROCK_VOUCHER_9750;SEASHELLS;396.0;13
485;28000;;;KELP;SEASHELLS;2038.0;1
486;28000;;;KELP;SEASHELLS;2039.0;8
487;28000;;;SQUID_INK;SEASHELLS;1840.0;1
488;28000;;;SQUID_INK;SEASHELLS;1840.0;8
489;28100;;;KELP;SEASHELLS;2041.0;1
490;28100;;;SQUID_INK;SEASHELLS;1844.0;1
492;28400;;;VOLCANIC_ROCK_VOUCHER_10000;SEASHELLS;168.0;11
493;28400;;;VOLCANIC_ROCK_VOUCHER_10000;SEASHELLS;168.0;3
494;28400;;;VOLCANIC_ROCK_VOUCHER_10000;SEASHELLS;168.0;1
495;28400;;;VOLCANIC_ROCK_VOUCHER_10250;SEASHELLS;32.0;11
496;28400;;;VOLCANIC_ROCK_VOUCHER_10250;SEASHELLS;32.0;3
497;28400;;;VOLCANIC_ROCK_VOUCHER_10250;SEASHELLS;32.0;1
498;28400;;;VOLCANIC_ROCK_VOUCHER_10500;SEASHELLS;3.0;11
499;28400;;;VOLCANIC_ROCK_VOUCHER_9500;SEASHELLS;652.0;14
500;28400;;;VOLCANIC_ROCK_VOUCHER_9500;SEASHELLS;652.0;1
501;28400;;;VOLCANIC_ROCK_VOUCHER_9750;SEASHELLS;404.0;11
502;28400;;;VOLCANIC_ROCK_VOUCHER_9750;SEASHELLS;404.0;3
503;28400;;;VOLCANIC_ROCK_VOUCHER_9750;SEASHELLS;404.0;1
504;28600;;;DJEMBES;SEASHELLS;13302.0;3
505;28600;;;KELP;SEASHELLS;2038.0;1
506;28600;;;KELP;SEASHELLS;2038.0;1
507;28600;;;SQUID_INK;SEASHELLS;1841.0;1
508;29100;;;CROISSANTS;SEASHELLS;4236.0;8
509;29200;;;JAMS;SEASHELLS;6516.0;6
510;29300;;;PICNIC_BASKET1;SEASHELLS;58287.0;5
511;29300;;;PICNIC_BASKET2;SEASHELLS;30062.0;5
512;29400;;;PICNIC_BASKET1;SEASHELLS;58299.0;2
513;29400;;;RAINFOREST_RESIN;SEASHELLS;10008.0;2
514;29400;;;VOLCANIC_ROCK;SEASHELLS;10159.0;7
515;29600;;;DJEMBES;SEASHELLS;13298.0;2
516;29600;;;KELP;SEASHELLS;2038.0;3
517;29600;;;SQUID_INK;SEASHELLS;1842.0;3
518;29700;;;KELP;SEASHELLS;2038.0;3
519;29700;;;RAINFOREST_RESIN;SEASHELLS;10001.0;1
520;29700;;;SQUID_INK;SEASHELLS;1843.0;3
521;29700;;;VOLCANIC_ROCK_VOUCHER_10000;SEASHELLS;175.0;14
522;29700;;;VOLCANIC_ROCK_VOUCHER_10250;SEASHELLS;32.0;14
523;29700;;;VOLCANIC_ROCK_VOUCHER_10500;SEASHELLS;3.0;14
524;29700;;;VOLCANIC_ROCK_VOUCHER_9500;SEASHELLS;655.0;14
525;29700;;;VOLCANIC_ROCK_VOUCHER_9750;SEASHELLS;406.0;14
526;29900;;;VOLCANIC_ROCK_VOUCHER_10000;SEASHELLS;178.0;8
527;29900;;;VOLCANIC_ROCK_VOUCHER_10250;SEASHELLS;33.0;8
528;29900;;;VOLCANIC_ROCK_VOUCHER_10500;SEASHELLS;3.0;8
529;29900;;;VOLCANIC_ROCK_VOUCHER_9500;SEASHELLS;657.0;8
530;29900;;;VOLCANIC_ROCK_VOUCHER_9750;SEASHELLS;408.0;8
531;30200;;;KELP;SEASHELLS;2036.0;2
533;30200;;;SQUID_INK;SEASHELLS;1842.0;2
534;30400;;;CROISSANTS;SEASHELLS;4237.0;5
535;30400;;;JAMS;SEASHELLS;6518.0;9
536;30400;;;KELP;SEASHELLS;2037.0;15
537;30400;;;SQUID_INK;SEASHELLS;1841.0;15
538;30500;;;KELP;SEASHELLS;2037.0;1
539;30500;;;SQUID_INK;SEASHELLS;1841.0;1
540;30500;;;SQUID_INK;SEASHELLS;1844.0;2
541;30600;;;DJEMBES;SEASHELLS;13293.0;2
542;30600;;;VOLCANIC_ROCK;SEASHELLS;10148.0;8
543;30700;;;RAINFOREST_RESIN;SEASHELLS;10003.0;2
544;30800;;;KELP;SEASHELLS;2038.0;1
545;30800;;;SQUID_INK;SEASHELLS;1845.0;1
546;30800;;;VOLCANIC_ROCK_VOUCHER_10000;SEASHELLS;169.0;16
547;30800;;;VOLCANIC_ROCK_VOUCHER_10000;SEASHELLS;169.0;1
548;30800;;;VOLCANIC_ROCK_VOUCHER_9500;SEASHELLS;650.0;16
549;30800;;;VOLCANIC_ROCK_VOUCHER_9500;SEASHELLS;650.0;1
550;30800;;;VOLCANIC_ROCK_VOUCHER_9750;SEASHELLS;401.0;16
551;30800;;;VOLCANIC_ROCK_VOUCHER_9750;SEASHELLS;401.0;1
552;30900;;;DJEMBES;SEASHELLS;13294.0;5
553;30900;;;JAMS;SEASHELLS;6515.0;10
554;31000;;;DJEMBES;SEASHELLS;13292.0;1
555;31100;;;KELP;SEASHELLS;2036.0;1
556;31100;;;SQUID_INK;SEASHELLS;1842.0;1
557;31200;;;VOLCANIC_ROCK_VOUCHER_10000;SEASHELLS;164.0;17
558;31200;;;VOLCANIC_ROCK_VOUCHER_10000;SEASHELLS;164.0;2
559;31200;;;VOLCANIC_ROCK_VOUCHER_10250;SEASHELLS;29.0;17
560;31200;;;VOLCANIC_ROCK_VOUCHER_10250;SEASHELLS;29.0;2
561;31200;;;VOLCANIC_ROCK_VOUCHER_10500;SEASHELLS;2.0;17
562;31200;;;VOLCANIC_ROCK_VOUCHER_10500;SEASHELLS;2.0;2
563;31200;;;VOLCANIC_ROCK_VOUCHER_9500;SEASHELLS;643.0;17
564;31200;;;VOLCANIC_ROCK_VOUCHER_9500;SEASHELLS;643.0;2
565;31200;;;VOLCANIC_ROCK_VOUCHER_9750;SEASHELLS;395.0;17
566;31200;;;VOLCANIC_ROCK_VOUCHER_9750;SEASHELLS;395.0;2
567;31400;;;DJEMBES;SEASHELLS;13293.0;1
568;31400;;;KELP;SEASHELLS;2036.0;1
569;31400;;;RAINFOREST_RESIN;SEASHELLS;10001.0;1
570;31400;;;SQUID_INK;SEASHELLS;1845.0;1
571;31500;;;KELP;SEASHELLS;2038.0;1
572;31500;;;SQUID_INK;SEASHELLS;1847.0;1
573;31500;;;VOLCANIC_ROCK_VOUCHER_10000;SEASHELLS;158.0;6
574;31500;;;VOLCANIC_ROCK_VOUCHER_10250;SEASHELLS;28.0;6
575;31500;;;VOLCANIC_ROCK_VOUCHER_10500;SEASHELLS;2.0;6
576;31500;;;VOLCANIC_ROCK_VOUCHER_9500;SEASHELLS;638.0;6
577;31500;;;VOLCANIC_ROCK_VOUCHER_9750;SEASHELLS;389.0;6
578;31600;;;VOLCANIC_ROCK;SEASHELLS;10143.0;5
579;31900;;;KELP;SEASHELLS;2039.0;1
580;31900;;;SQUID_INK;SEASHELLS;1850.0;1
581;32000;;;VOLCANIC_ROCK;SEASHELLS;10138.0;5
582;32200;;;KELP;SEASHELLS;2039.0;1
583;32200;;;SQUID_INK;SEASHELLS;1849.0;1
584;32300;;;DJEMBES;SEASHELLS;13293.0;2
585;32300;;;KELP;SEASHELLS;2038.0;3
586;32300;;;SQUID_INK;SEASHELLS;1848.0;3
587;32400;;;KELP;SEASHELLS;2037.0;1
589;32400;;;SQUID_INK;SEASHELLS;1846.0;1
590;32600;;;KELP;SEASHELLS;2037.0;1
591;32600;;;RAINFOREST_RESIN;SEASHELLS;9998.0;1
592;32600;;;RAINFOREST_RESIN;SEASHELLS;9998.0;3
593;32600;;;SQUID_INK;SEASHELLS;1846.0;1
594;32700;;;CROISSANTS;SEASHELLS;4236.0;10
595;32700;;;RAINFOREST_RESIN;SEASHELLS;9992.0;4
596;32800;;;PICNIC_BASKET1;SEASHELLS;58309.0;4
597;32800;;;PICNIC_BASKET2;SEASHELLS;30071.0;4
598;32900;;;KELP;SEASHELLS;2039.0;1
599;32900;;;SQUID_INK;SEASHELLS;1846.0;1
600;33000;;;KELP;SEASHELLS;2038.0;2
601;33000;;;SQUID_INK;SEASHELLS;1844.0;2
602;33200;;;KELP;SEASHELLS;2039.0;1
603;33200;;;SQUID_INK;SEASHELLS;1845.0;1
604;33300;;;JAMS;SEASHELLS;6514.0;4
605;33300;;;RAINFOREST_RESIN;SEASHELLS;9992.0;5
606;33300;;;VOLCANIC_ROCK;SEASHELLS;10134.0;1
607;33400;;;JAMS;SEASHELLS;6513.0;4
608;33600;;;CROISSANTS;SEASHELLS;4236.0;7
609;33600;;;DJEMBES;SEASHELLS;13293.0;1
610;33800;;;DJEMBES;SEASHELLS;13292.0;2
611;33900;;;CROISSANTS;SEASHELLS;4236.0;5
612;34000;;;RAINFOREST_RESIN;SEASHELLS;10003.0;1
613;34300;;;KELP;SEASHELLS;2037.0;1
614;34300;;;KELP;SEASHELLS;2038.0;1
615;34300;;;RAINFOREST_RESIN;SEASHELLS;10008.0;10
616;34300;;;SQUID_INK;SEASHELLS;1839.0;1
617;34300;;;SQUID_INK;SEASHELLS;1839.0;1
618;34300;;;SQUID_INK;SEASHELLS;1840.0;5
619;34300;;;VOLCANIC_ROCK;SEASHELLS;10133.0;3
620;34300;;;VOLCANIC_ROCK_VOUCHER_10000;SEASHELLS;153.0;14
621;34300;;;VOLCANIC_ROCK_VOUCHER_10250;SEASHELLS;27.0;14
622;34300;;;VOLCANIC_ROCK_VOUCHER_9500;SEASHELLS;632.0;14
623;34300;;;VOLCANIC_ROCK_VOUCHER_9750;SEASHELLS;384.0;14
624;34400;;;DJEMBES;SEASHELLS;13293.0;4
625;34400;;;JAMS;SEASHELLS;6514.0;5
626;34400;;;JAMS;SEASHELLS;6514.0;4
627;34600;;;CROISSANTS;SEASHELLS;4236.0;5
628;34800;;;CROISSANTS;SEASHELLS;4236.0;8
629;34800;;;JAMS;SEASHELLS;6514.0;11
630;34900;;;KELP;SEASHELLS;2037.0;2
631;34900;;;SQUID_INK;SEASHELLS;1836.0;13
632;35100;;;DJEMBES;SEASHELLS;13293.0;1
633;35100;;;KELP;SEASHELLS;2037.0;2
634;35100;;;PICNIC_BASKET1;SEASHELLS;58296.0;6
635;35100;;;PICNIC_BASKET2;SEASHELLS;30064.0;6
636;35100;;;SQUID_INK;SEASHELLS;1835.0;2
637;35400;;;KELP;SEASHELLS;2037.0;4
638;35400;;;KELP;SEASHELLS;2037.0;2
639;35400;;;SQUID_INK;SEASHELLS;1836.0;4
640;35400;;;SQUID_INK;SEASHELLS;1836.0;2
641;35400;;;VOLCANIC_ROCK_VOUCHER_10000;SEASHELLS;148.0;13
642;35400;;;VOLCANIC_ROCK_VOUCHER_10250;SEASHELLS;25.0;13
643;35400;;;VOLCANIC_ROCK_VOUCHER_10500;SEASHELLS;2.0;13
644;35400;;;VOLCANIC_ROCK_VOUCHER_9500;SEASHELLS;627.0;13
645;35400;;;VOLCANIC_ROCK_VOUCHER_9750;SEASHELLS;378.0;13
646;35800;;;KELP;SEASHELLS;2038.0;1
647;35800;;;SQUID_INK;SEASHELLS;1839.0;1
648;35800;;;VOLCANIC_ROCK_VOUCHER_10000;SEASHELLS;160.0;14
649;35800;;;VOLCANIC_ROCK_VOUCHER_10250;SEASHELLS;27.0;14
650;35800;;;VOLCANIC_ROCK_VOUCHER_10500;SEASHELLS;2.0;14
651;35800;;;VOLCANIC_ROCK_VOUCHER_9500;SEASHELLS;634.0;14
652;35800;;;VOLCANIC_ROCK_VOUCHER_9750;SEASHELLS;385.0;14
653;35900;;;RAINFOREST_RESIN;SEASHELLS;9992.0;2
654;36000;;;KELP;SEASHELLS;2037.0;2
655;36000;;;SQUID_INK;SEASHELLS;1837.0;2
656;36200;;;VOLCANIC_ROCK_VOUCHER_10000;SEASHELLS;150.0;16
657;36200;;;VOLCANIC_ROCK_VOUCHER_10000;SEASHELLS;150.0;2
658;36200;;;VOLCANIC_ROCK_VOUCHER_10250;SEASHELLS;26.0;16
659;36200;;;VOLCANIC_ROCK_VOUCHER_10250;SEASHELLS;26.0;2
660;36200;;;VOLCANIC_ROCK_VOUCHER_9500;SEASHELLS;629.0;16
661;36200;;;VOLCANIC_ROCK_VOUCHER_9500;SEASHELLS;629.0;2
662;36200;;;VOLCANIC_ROCK_VOUCHER_9750;SEASHELLS;380.0;16
663;36200;;;VOLCANIC_ROCK_VOUCHER_9750;SEASHELLS;380.0;2
664;36400;;;VOLCANIC_ROCK;SEASHELLS;10126.0;1
665;36600;;;KELP;SEASHELLS;2037.0;3
666;36600;;;SQUID_INK;SEASHELLS;1837.0;3
667;36800;;;JAMS;SEASHELLS;6513.0;4
668;36800;;;RAINFOREST_RESIN;SEASHELLS;10008.0;6
669;36900;;;RAINFOREST_RESIN;SEASHELLS;9998.0;4
670;36900;;;VOLCANIC_ROCK_VOUCHER_10000;SEASHELLS;156.0;6
671;36900;;;VOLCANIC_ROCK_VOUCHER_10250;SEASHELLS;26.0;6
672;36900;;;VOLCANIC_ROCK_VOUCHER_10500;SEASHELLS;2.0;6
673;36900;;;VOLCANIC_ROCK_VOUCHER_9500;SEASHELLS;632.0;6
674;36900;;;VOLCANIC_ROCK_VOUCHER_9750;SEASHELLS;383.0;6
675;37000;;;DJEMBES;SEASHELLS;13292.0;5
676;37100;;;PICNIC_BASKET1;SEASHELLS;58272.0;2
677;37100;;;PICNIC_BASKET2;SEASHELLS;30061.0;8
678;37100;;;SQUID_INK;SEASHELLS;1838.0;1
679;37400;;;JAMS;SEASHELLS;6515.0;4
680;37400;;;VOLCANIC_ROCK_VOUCHER_10000;SEASHELLS;149.0;6
681;37400;;;VOLCANIC_ROCK_VOUCHER_10250;SEASHELLS;25.0;6
682;37400;;;VOLCANIC_ROCK_VOUCHER_10500;SEASHELLS;2.0;6
683;37400;;;VOLCANIC_ROCK_VOUCHER_9500;SEASHELLS;628.0;6
684;37400;;;VOLCANIC_ROCK_VOUCHER_9750;SEASHELLS;380.0;6
685;37500;;;RAINFOREST_RESIN;SEASHELLS;10008.0;5
686;37500;;;VOLCANIC_ROCK;SEASHELLS;10126.0;10
687;37600;;;JAMS;SEASHELLS;6515.0;6
688;37600;;;VOLCANIC_ROCK_VOUCHER_10000;SEASHELLS;156.0;15
689;37600;;;VOLCANIC_ROCK_VOUCHER_10000;SEASHELLS;156.0;4
690;37600;;;VOLCANIC_ROCK_VOUCHER_10250;SEASHELLS;26.0;15
691;37600;;;VOLCANIC_ROCK_VOUCHER_10250;SEASHELLS;26.0;4
692;37600;;;VOLCANIC_ROCK_VOUCHER_10500;SEASHELLS;2.0;15
693;37600;;;VOLCANIC_ROCK_VOUCHER_10500;SEASHELLS;2.0;4
694;37600;;;VOLCANIC_ROCK_VOUCHER_9500;SEASHELLS;630.0;15
695;37600;;;VOLCANIC_ROCK_VOUCHER_9500;SEASHELLS;630.0;4
696;37600;;;VOLCANIC_ROCK_VOUCHER_9750;SEASHELLS;382.0;15
697;37600;;;VOLCANIC_ROCK_VOUCHER_9750;SEASHELLS;382.0;4
698;37800;;;DJEMBES;SEASHELLS;13291.0;2
699;37800;;;SQUID_INK;SEASHELLS;1838.0;1
700;37900;;;RAINFOREST_RESIN;SEASHELLS;9992.0;1
701;37900;;;SQUID_INK;SEASHELLS;1837.0;1
702;38000;;;CROISSANTS;SEASHELLS;4237.0;7
703;38200;;;VOLCANIC_ROCK;SEASHELLS;10137.0;9
704;38400;;;DJEMBES;SEASHELLS;13290.0;4
705;38400;;;KELP;SEASHELLS;2040.0;14
706;38400;;;SQUID_INK;SEASHELLS;1839.0;14
707;38400;;;VOLCANIC_ROCK;SEASHELLS;10140.0;5
708;38500;;;RAINFOREST_RESIN;SEASHELLS;10008.0;6
709;38600;;;PICNIC_BASKET1;SEASHELLS;58303.0;1
710;38600;;;PICNIC_BASKET2;SEASHELLS;30073.0;1
711;38600;;;PICNIC_BASKET2;SEASHELLS;30072.0;6
712;39000;;;KELP;SEASHELLS;2038.0;2
713;39000;;;KELP;SEASHELLS;2038.0;3
714;39000;;;SQUID_INK;SEASHELLS;1838.0;5
716;39200;;;KELP;SEASHELLS;2038.0;5
717;39200;;;KELP;SEASHELLS;2038.0;1
718;39200;;;SQUID_INK;SEASHELLS;1837.0;1
719;39200;;;SQUID_INK;SEASHELLS;1838.0;5
720;39500;;;DJEMBES;SEASHELLS;13289.0;3
721;39500;;;KELP;SEASHELLS;2040.0;7
722;39700;;;KELP;SEASHELLS;2038.0;4
723;39700;;;SQUID_INK;SEASHELLS;1839.0;4
724;39800;;;CROISSANTS;SEASHELLS;4240.0;6
725;39800;;;KELP;SEASHELLS;2040.0;1
726;39900;;;VOLCANIC_ROCK;SEASHELLS;10135.0;10
727;40000;;;CROISSANTS;SEASHELLS;4238.0;8
728;40000;;;KELP;SEASHELLS;2041.0;1
729;40000;;;RAINFOREST_RESIN;SEASHELLS;10008.0;1
730;40000;;;SQUID_INK;SEASHELLS;1842.0;1
731;40400;;;JAMS;SEASHELLS;6513.0;6
732;40400;;;RAINFOREST_RESIN;SEASHELLS;10001.0;1
733;40600;;;KELP;SEASHELLS;2036.0;1
734;40600;;;SQUID_INK;SEASHELLS;1840.0;1
735;40600;;;VOLCANIC_ROCK_VOUCHER_10000;SEASHELLS;153.0;13
736;40600;;;VOLCANIC_ROCK_VOUCHER_9500;SEASHELLS;631.0;13
737;40600;;;VOLCANIC_ROCK_VOUCHER_9750;SEASHELLS;382.0;13
738;40700;;;KELP;SEASHELLS;2037.0;1
739;40700;;;SQUID_INK;SEASHELLS;1839.0;1
740;40800;;;JAMS;SEASHELLS;6515.0;5
741;40800;;;KELP;SEASHELLS;2036.0;1
742;40800;;;SQUID_INK;SEASHELLS;1838.0;1
743;40900;;;JAMS;SEASHELLS;6514.0;9
744;41000;;;KELP;SEASHELLS;2037.0;2
745;41000;;;RAINFOREST_RESIN;SEASHELLS;10002.0;4
746;41000;;;SQUID_INK;SEASHELLS;1839.0;2
747;41100;;;JAMS;SEASHELLS;6514.0;9
748;41200;;;RAINFOREST_RESIN;SEASHELLS;9998.0;3
749;41200;;;VOLCANIC_ROCK;SEASHELLS;10126.0;3
750;41300;;;CROISSANTS;SEASHELLS;4237.0;7
751;41300;;;KELP;SEASHELLS;2038.0;1
752;41300;;;SQUID_INK;SEASHELLS;1842.0;1
754;41800;;;RAINFOREST_RESIN;SEASHELLS;9992.0;10
755;42000;;;RAINFOREST_RESIN;SEASHELLS;9992.0;6
756;42000;;;VOLCANIC_ROCK;SEASHELLS;10134.0;7
757;42100;;;CROISSANTS;SEASHELLS;4237.0;8
758;42100;;;VOLCANIC_ROCK_VOUCHER_10000;SEASHELLS;156.0;13
759;42100;;;VOLCANIC_ROCK_VOUCHER_10000;SEASHELLS;156.0;2
760;42100;;;VOLCANIC_ROCK_VOUCHER_10250;SEASHELLS;27.0;13
761;42100;;;VOLCANIC_ROCK_VOUCHER_10250;SEASHELLS;27.0;2
762;42100;;;VOLCANIC_ROCK_VOUCHER_10500;SEASHELLS;2.0;13
763;42100;;;VOLCANIC_ROCK_VOUCHER_10500;SEASHELLS;2.0;2
764;42100;;;VOLCANIC_ROCK_VOUCHER_9500;SEASHELLS;633.0;13
765;42100;;;VOLCANIC_ROCK_VOUCHER_9500;SEASHELLS;633.0;2
766;42100;;;VOLCANIC_ROCK_VOUCHER_9750;SEASHELLS;385.0;13
767;42100;;;VOLCANIC_ROCK_VOUCHER_9750;SEASHELLS;385.0;2
768;42200;;;KELP;SEASHELLS;2036.0;1
769;42400;;;DJEMBES;SEASHELLS;13286.0;2
770;42500;;;PICNIC_BASKET1;SEASHELLS;58304.0;6
771;42500;;;PICNIC_BASKET2;SEASHELLS;30069.0;6
772;42500;;;RAINFOREST_RESIN;SEASHELLS;10008.0;7
773;42600;;;DJEMBES;SEASHELLS;13289.0;3
774;42600;;;JAMS;SEASHELLS;6516.0;8
775;42600;;;KELP;SEASHELLS;2036.0;1
776;42600;;;SQUID_INK;SEASHELLS;1841.0;1
777;42700;;;JAMS;SEASHELLS;6514.0;4
778;42800;;;CROISSANTS;SEASHELLS;4236.0;7
779;42800;;;KELP;SEASHELLS;2037.0;3
780;42800;;;SQUID_INK;SEASHELLS;1842.0;3
782;43000;;;VOLCANIC_ROCK_VOUCHER_10000;SEASHELLS;157.0;11
783;43000;;;VOLCANIC_ROCK_VOUCHER_10000;SEASHELLS;157.0;1
784;43000;;;VOLCANIC_ROCK_VOUCHER_10000;SEASHELLS;157.0;5
785;43000;;;VOLCANIC_ROCK_VOUCHER_10250;SEASHELLS;26.0;11
786;43000;;;VOLCANIC_ROCK_VOUCHER_10250;SEASHELLS;26.0;1
787;43000;;;VOLCANIC_ROCK_VOUCHER_10500;SEASHELLS;2.0;11
788;43000;;;VOLCANIC_ROCK_VOUCHER_10500;SEASHELLS;2.0;1
789;43000;;;VOLCANIC_ROCK_VOUCHER_9500;SEASHELLS;633.0;11
790;43000;;;VOLCANIC_ROCK_VOUCHER_9500;SEASHELLS;633.0;1
791;43000;;;VOLCANIC_ROCK_VOUCHER_9500;SEASHELLS;633.0;5
792;43000;;;VOLCANIC_ROCK_VOUCHER_9750;SEASHELLS;384.0;11
793;43000;;;VOLCANIC_ROCK_VOUCHER_9750;SEASHELLS;384.0;1
794;43000;;;VOLCANIC_ROCK_VOUCHER_9750;SEASHELLS;384.0;5
795;43100;;;CROISSANTS;SEASHELLS;4236.0;9
796;43200;;;VOLCANIC_ROCK;SEASHELLS;10130.0;7
797;43300;;;CROISSANTS;SEASHELLS;4236.0;9
798;43400;;;KELP;SEASHELLS;2040.0;2
799;43400;;;SQUID_INK;SEASHELLS;1845.0;2
800;43400;;;VOLCANIC_ROCK_VOUCHER_10000;SEASHELLS;156.0;15
801;43400;;;VOLCANIC_ROCK_VOUCHER_9500;SEASHELLS;632.0;15
802;43400;;;VOLCANIC_ROCK_VOUCHER_9750;SEASHELLS;383.0;15
803;43500;;;KELP;SEASHELLS;2039.0;1
804;43500;;;SQUID_INK;SEASHELLS;1844.0;1
805;43600;;;KELP;SEASHELLS;2039.0;6
806;43600;;;SQUID_INK;SEASHELLS;1843.0;6
807;43700;;;KELP;SEASHELLS;2039.0;3
808;43700;;;RAINFOREST_RESIN;SEASHELLS;10008.0;6
809;43700;;;SQUID_INK;SEASHELLS;1844.0;3
810;43800;;;KELP;SEASHELLS;2037.0;1
811;43800;;;RAINFOREST_RESIN;SEASHELLS;10008.0;4
812;44000;;;KELP;SEASHELLS;2039.0;1
813;44000;;;RAINFOREST_RESIN;SEASHELLS;9999.0;1
814;44000;;;SQUID_INK;SEASHELLS;1845.0;1
815;44000;;;VOLCANIC_ROCK;SEASHELLS;10132.0;9
816;44400;;;DJEMBES;SEASHELLS;13292.0;3
817;44400;;;RAINFOREST_RESIN;SEASHELLS;9997.0;4
818;44400;;;VOLCANIC_ROCK_VOUCHER_10000;SEASHELLS;161.0;12
819;44400;;;VOLCANIC_ROCK_VOUCHER_10000;SEASHELLS;161.0;1
820;44400;;;VOLCANIC_ROCK_VOUCHER_10250;SEASHELLS;28.0;12
821;44400;;;VOLCANIC_ROCK_VOUCHER_10250;SEASHELLS;28.0;1
822;44400;;;VOLCANIC_ROCK_VOUCHER_10500;SEASHELLS;2.0;12
823;44400;;;VOLCANIC_ROCK_VOUCHER_10500;SEASHELLS;2.0;1
824;44400;;;VOLCANIC_ROCK_VOUCHER_9500;SEASHELLS;639.0;12
825;44400;;;VOLCANIC_ROCK_VOUCHER_9500;SEASHELLS;639.0;1
826;44400;;;VOLCANIC_ROCK_VOUCHER_9750;SEASHELLS;391.0;12
827;44400;;;VOLCANIC_ROCK_VOUCHER_9750;SEASHELLS;391.0;1
828;44600;;;DJEMBES;SEASHELLS;13291.0;3
829;44600;;;JAMS;SEASHELLS;6516.0;5
830;44600;;;KELP;SEASHELLS;2039.0;1
831;44600;;;SQUID_INK;SEASHELLS;1843.0;1
832;44600;;;VOLCANIC_ROCK_VOUCHER_10000;SEASHELLS;164.0;12
833;44600;;;VOLCANIC_ROCK_VOUCHER_10250;SEASHELLS;29.0;12
834;44600;;;VOLCANIC_ROCK_VOUCHER_10500;SEASHELLS;2.0;12
835;44600;;;VOLCANIC_ROCK_VOUCHER_9500;SEASHELLS;642.0;12
836;44600;;;VOLCANIC_ROCK_VOUCHER_9750;SEASHELLS;394.0;12
837;44700;;;JAMS;SEASHELLS;6515.0;6
839;44800;;;DJEMBES;SEASHELLS;13293.0;5
840;44800;;;VOLCANIC_ROCK_VOUCHER_10000;SEASHELLS;170.0;10
841;44800;;;VOLCANIC_ROCK_VOUCHER_10000;SEASHELLS;170.0;2
842;44800;;;VOLCANIC_ROCK_VOUCHER_10250;SEASHELLS;30.0;10
843;44800;;;VOLCANIC_ROCK_VOUCHER_10250;SEASHELLS;30.0;2
844;44800;;;VOLCANIC_ROCK_VOUCHER_10500;SEASHELLS;2.0;10
845;44800;;;VOLCANIC_ROCK_VOUCHER_10500;SEASHELLS;2.0;2
846;44800;;;VOLCANIC_ROCK_VOUCHER_9500;SEASHELLS;649.0;10
847;44800;;;VOLCANIC_ROCK_VOUCHER_9500;SEASHELLS;649.0;2
848;44800;;;VOLCANIC_ROCK_VOUCHER_9750;SEASHELLS;400.0;10
849;44800;;;VOLCANIC_ROCK_VOUCHER_9750;SEASHELLS;400.0;2
850;45000;;;KELP;SEASHELLS;2036.0;2
851;45000;;;SQUID_INK;SEASHELLS;1842.0;2
852;45100;;;CROISSANTS;SEASHELLS;4236.0;6
853;45200;;;CROISSANTS;SEASHELLS;4236.0;6
855;45300;;;JAMS;SEASHELLS;6517.0;4
856;45400;;;KELP;SEASHELLS;2039.0;2
857;45400;;;SQUID_INK;SEASHELLS;1847.0;2
858;45500;;;JAMS;SEASHELLS;6517.0;6
859;45500;;;KELP;SEASHELLS;2036.0;1
860;45500;;;PICNIC_BASKET1;SEASHELLS;58293.0;10
861;45500;;;PICNIC_BASKET2;SEASHELLS;30064.0;10
862;45500;;;SQUID_INK;SEASHELLS;1844.0;1
863;45600;;;KELP;SEASHELLS;2038.0;1
864;45600;;;SQUID_INK;SEASHELLS;1846.0;1
865;45700;;;VOLCANIC_ROCK_VOUCHER_10000;SEASHELLS;153.0;17
866;45700;;;VOLCANIC_ROCK_VOUCHER_10000;SEASHELLS;153.0;1
867;45700;;;VOLCANIC_ROCK_VOUCHER_10250;SEASHELLS;26.0;17
868;45700;;;VOLCANIC_ROCK_VOUCHER_10250;SEASHELLS;26.0;1
869;45700;;;VOLCANIC_ROCK_VOUCHER_10500;SEASHELLS;2.0;17
870;45700;;;VOLCANIC_ROCK_VOUCHER_10500;SEASHELLS;2.0;1
871;45700;;;VOLCANIC_ROCK_VOUCHER_9500;SEASHELLS;630.0;17
872;45700;;;VOLCANIC_ROCK_VOUCHER_9500;SEASHELLS;630.0;1
873;45700;;;VOLCANIC_ROCK_VOUCHER_9750;SEASHELLS;382.0;17
874;45700;;;VOLCANIC_ROCK_VOUCHER_9750;SEASHELLS;382.0;1
875;45900;;;PICNIC_BASKET1;SEASHELLS;58305.0;2
876;45900;;;PICNIC_BASKET1;SEASHELLS;58304.0;6
877;45900;;;PICNIC_BASKET2;SEASHELLS;30067.0;8
878;46000;;;CROISSANTS;SEASHELLS;4236.0;7
880;46000;;;RAINFOREST_RESIN;SEASHELLS;9999.0;1
881;46100;;;VOLCANIC_ROCK_VOUCHER_10000;SEASHELLS;154.0;11
882;46100;;;VOLCANIC_ROCK_VOUCHER_10000;SEASHELLS;154.0;2
883;46100;;;VOLCANIC_ROCK_VOUCHER_10250;SEASHELLS;26.0;11
884;46100;;;VOLCANIC_ROCK_VOUCHER_10250;SEASHELLS;26.0;2
885;46100;;;VOLCANIC_ROCK_VOUCHER_10500;SEASHELLS;2.0;11
886;46100;;;VOLCANIC_ROCK_VOUCHER_10500;SEASHELLS;2.0;2
887;46100;;;VOLCANIC_ROCK_VOUCHER_9500;SEASHELLS;630.0;11
888;46100;;;VOLCANIC_ROCK_VOUCHER_9500;SEASHELLS;630.0;2
889;46100;;;VOLCANIC_ROCK_VOUCHER_9750;SEASHELLS;382.0;11
890;46100;;;VOLCANIC_ROCK_VOUCHER_9750;SEASHELLS;382.0;2
891;46200;;;DJEMBES;SEASHELLS;13291.0;2
893;46200;;;RAINFOREST_RESIN;SEASHELLS;9992.0;2
895;46400;;;VOLCANIC_ROCK_VOUCHER_10000;SEASHELLS;159.0;12
896;46400;;;VOLCANIC_ROCK_VOUCHER_9500;SEASHELLS;636.0;12
897;46400;;;VOLCANIC_ROCK_VOUCHER_9750;SEASHELLS;387.0;12
898;46500;;;RAINFOREST_RESIN;SEASHELLS;9998.0;5
899;46600;;;DJEMBES;SEASHELLS;13292.0;4
900;46600;;;RAINFOREST_RESIN;SEASHELLS;10002.0;3
901;46600;;;VOLCANIC_ROCK;SEASHELLS;10138.0;5
902;46600;;;VOLCANIC_ROCK_VOUCHER_10000;SEASHELLS;162.0;16
903;46600;;;VOLCANIC_ROCK_VOUCHER_9500;SEASHELLS;640.0;16
904;46600;;;VOLCANIC_ROCK_VOUCHER_9750;SEASHELLS;391.0;16
905;46700;;;VOLCANIC_ROCK;SEASHELLS;10136.0;10
906;47300;;;KELP;SEASHELLS;2036.0;1
907;47300;;;RAINFOREST_RESIN;SEASHELLS;9992.0;4
908;47300;;;SQUID_INK;SEASHELLS;1844.0;1
909;47400;;;KELP;SEASHELLS;2036.0;8
910;47400;;;KELP;SEASHELLS;2039.0;14
911;47400;;;SQUID_INK;SEASHELLS;1845.0;8
912;47400;;;SQUID_INK;SEASHELLS;1848.0;14
913;47400;;;VOLCANIC_ROCK;SEASHELLS;10138.0;7
915;47900;;;KELP;SEASHELLS;2039.0;10
916;47900;;;SQUID_INK;SEASHELLS;1850.0;10
917;48000;;;KELP;SEASHELLS;2038.0;5
918;48000;;;SQUID_INK;SEASHELLS;1848.0;5
919;48100;;;VOLCANIC_ROCK;SEASHELLS;10140.0;3
920;48400;;;DJEMBES;SEASHELLS;13294.0;2
921;48400;;;KELP;SEASHELLS;2039.0;6
922;48400;;;SQUID_INK;SEASHELLS;1847.0;6
923;48500;;;CROISSANTS;SEASHELLS;4236.0;6
924;48600;;;KELP;SEASHELLS;2037.0;1
925;48600;;;RAINFOREST_RESIN;SEASHELLS;10008.0;9
926;48600;;;SQUID_INK;SEASHELLS;1844.0;1
927;48700;;;KELP;SEASHELLS;2036.0;1
928;48700;;;KELP;SEASHELLS;2036.0;1
929;48700;;;SQUID_INK;SEASHELLS;1843.0;1
930;48800;;;KELP;SEASHELLS;2038.0;1
931;48800;;;SQUID_INK;SEASHELLS;1845.0;1
932;48900;;;CROISSANTS;SEASHELLS;4236.0;5
933;49000;;;JAMS;SEASHELLS;6519.0;9
934;49000;;;RAINFOREST_RESIN;SEASHELLS;9992.0;7
935;49100;;;JAMS;SEASHELLS;6518.0;9
936;49300;;;JAMS;SEASHELLS;6518.0;12
937;49300;;;VOLCANIC_ROCK_VOUCHER_10000;SEASHELLS;172.0;12
938;49300;;;VOLCANIC_ROCK_VOUCHER_10250;SEASHELLS;32.0;12
939;49300;;;VOLCANIC_ROCK_VOUCHER_9500;SEASHELLS;653.0;12
940;49300;;;VOLCANIC_ROCK_VOUCHER_9750;SEASHELLS;404.0;12
941;49400;;;RAINFOREST_RESIN;SEASHELLS;9999.0;1
942;49600;;;SQUID_INK;SEASHELLS;1844.0;2
943;49600;;;VOLCANIC_ROCK_VOUCHER_10000;SEASHELLS;173.0;14
944;49600;;;VOLCANIC_ROCK_VOUCHER_10000;SEASHELLS;173.0;1
945;49600;;;VOLCANIC_ROCK_VOUCHER_9500;SEASHELLS;655.0;14
946;49600;;;VOLCANIC_ROCK_VOUCHER_9500;SEASHELLS;655.0;1
947;49600;;;VOLCANIC_ROCK_VOUCHER_9750;SEASHELLS;406.0;14
948;49600;;;VOLCANIC_ROCK_VOUCHER_9750;SEASHELLS;406.0;1
949;49700;;;KELP;SEASHELLS;2035.0;1
950;49700;;;SQUID_INK;SEASHELLS;1843.0;1
951;49900;;;KELP;SEASHELLS;2037.0;1
952;49900;;;RAINFOREST_RESIN;SEASHELLS;9992.0;8
953;49900;;;SQUID_INK;SEASHELLS;1843.0;1
954;50100;;;RAINFOREST_RESIN;SEASHELLS;10002.0;4
955;50200;;;VOLCANIC_ROCK;SEASHELLS;10161.0;6
956;50400;;;JAMS;SEASHELLS;6521.0;7
957;50500;;;KELP;SEASHELLS;2038.0;4
958;50500;;;SQUID_INK;SEASHELLS;1846.0;4
959;50600;;;KELP;SEASHELLS;2036.0;2
960;50600;;;KELP;SEASHELLS;2036.0;2
961;50600;;;SQUID_INK;SEASHELLS;1845.0;2
962;50600;;;SQUID_INK;SEASHELLS;1845.0;2
963;50700;;;RAINFOREST_RESIN;SEASHELLS;9992.0;1
964;50900;;;JAMS;SEASHELLS;6522.0;7
965;50900;;;JAMS;SEASHELLS;6522.0;4
966;50900;;;KELP;SEASHELLS;2036.0;4
967;50900;;;SQUID_INK;SEASHELLS;1846.0;4
968;51100;;;DJEMBES;SEASHELLS;13292.0;4
969;51200;;;CROISSANTS;SEASHELLS;4236.0;5
970;51300;;;CROISSANTS;SEASHELLS;4236.0;5
971;51400;;;DJEMBES;SEASHELLS;13294.0;2
972;51400;;;RAINFOREST_RESIN;SEASHELLS;10001.0;1
973;51700;;;CROISSANTS;SEASHELLS;4236.0;7
974;51700;;;RAINFOREST_RESIN;SEASHELLS;9998.0;5
975;51800;;;KELP;SEASHELLS;2036.0;2
976;51800;;;SQUID_INK;SEASHELLS;1844.0;2
977;51900;;;CROISSANTS;SEASHELLS;4236.0;7
978;52000;;;KELP;SEASHELLS;2036.0;1
979;52000;;;KELP;SEASHELLS;2036.0;3
980;52000;;;RAINFOREST_RESIN;SEASHELLS;10003.0;6
981;52000;;;RAINFOREST_RESIN;SEASHELLS;10001.0;1
983;52300;;;VOLCANIC_ROCK_VOUCHER_10000;SEASHELLS;171.0;10
984;52300;;;VOLCANIC_ROCK_VOUCHER_10250;SEASHELLS;32.0;10
985;52300;;;VOLCANIC_ROCK_VOUCHER_10500;SEASHELLS;3.0;10
986;52300;;;VOLCANIC_ROCK_VOUCHER_9500;SEASHELLS;654.0;10
987;52300;;;VOLCANIC_ROCK_VOUCHER_9750;SEASHELLS;405.0;10
988;52400;;;KELP;SEASHELLS;2036.0;3
990;52400;;;SQUID_INK;SEASHELLS;1844.0;3
991;52500;;;VOLCANIC_ROCK_VOUCHER_10000;SEASHELLS;176.0;13
992;52500;;;VOLCANIC_ROCK_VOUCHER_10000;SEASHELLS;176.0;2
993;52500;;;VOLCANIC_ROCK_VOUCHER_10250;SEASHELLS;33.0;13
994;52500;;;VOLCANIC_ROCK_VOUCHER_10250;SEASHELLS;33.0;2
995;52500;;;VOLCANIC_ROCK_VOUCHER_10500;SEASHELLS;3.0;13
996;52500;;;VOLCANIC_ROCK_VOUCHER_10500;SEASHELLS;3.0;2
997;52500;;;VOLCANIC_ROCK_VOUCHER_9500;SEASHELLS;657.0;13
998;52500;;;VOLCANIC_ROCK_VOUCHER_9500;SEASHELLS;657.0;2
999;52500;;;VOLCANIC_ROCK_VOUCHER_9750;SEASHELLS;408.0;13
1000;52500;;;VOLCANIC_ROCK_VOUCHER_9750;SEASHELLS;408.0;2
1001;52700;;;KELP;SEASHELLS;2038.0;1
1002;52700;;;SQUID_INK;SEASHELLS;1846.0;1
1003;52800;;;VOLCANIC_ROCK;SEASHELLS;10160.0;6
1004;52900;;;KELP;SEASHELLS;2036.0;10
1005;52900;;;SQUID_INK;SEASHELLS;1844.0;10
1006;52900;;;VOLCANIC_ROCK;SEASHELLS;10159.0;7
1007;52900;;;VOLCANIC_ROCK;SEASHELLS;10159.0;9
1008;53000;;;PICNIC_BASKET1;SEASHELLS;58332.0;2
1009;53100;;;JAMS;SEASHELLS;6523.0;4
1010;53100;;;PICNIC_BASKET1;SEASHELLS;58320.0;10
1011;53100;;;PICNIC_BASKET2;SEASHELLS;30065.0;10
1012;53200;;;VOLCANIC_ROCK_VOUCHER_10000;SEASHELLS;171.0;12
1013;53200;;;VOLCANIC_ROCK_VOUCHER_10000;SEASHELLS;171.0;2
1014;53200;;;VOLCANIC_ROCK_VOUCHER_10250;SEASHELLS;31.0;12
1015;53200;;;VOLCANIC_ROCK_VOUCHER_10250;SEASHELLS;31.0;2
1016;53200;;;VOLCANIC_ROCK_VOUCHER_10500;SEASHELLS;2.0;12
1017;53200;;;VOLCANIC_ROCK_VOUCHER_10500;SEASHELLS;2.0;2
1018;53200;;;VOLCANIC_ROCK_VOUCHER_9500;SEASHELLS;652.0;12
1019;53200;;;VOLCANIC_ROCK_VOUCHER_9500;SEASHELLS;652.0;2
1020;53200;;;VOLCANIC_ROCK_VOUCHER_9750;SEASHELLS;403.0;12
1021;53200;;;VOLCANIC_ROCK_VOUCHER_9750;SEASHELLS;403.0;2
1023;53300;;;VOLCANIC_ROCK;SEASHELLS;10155.0;6
1024;53800;;;PICNIC_BASKET1;SEASHELLS;58313.0;3
1025;53800;;;PICNIC_BASKET2;SEASHELLS;30060.0;3
1026;53900;;;JAMS;SEASHELLS;6524.0;5
1027;53900;;;RAINFOREST_RESIN;SEASHELLS;10008.0;2
1028;53900;;;SQUID_INK;SEASHELLS;1845.0;1
1029;54000;;;DJEMBES;SEASHELLS;13294.0;1
1030;54100;;;VOLCANIC_ROCK_VOUCHER_10000;SEASHELLS;176.0;13
1031;54100;;;VOLCANIC_ROCK_VOUCHER_9500;SEASHELLS;655.0;13
1032;54100;;;VOLCANIC_ROCK_VOUCHER_9750;SEASHELLS;406.0;13
1033;54300;;;VOLCANIC_ROCK;SEASHELLS;10154.0;7
1034;54500;;;KELP;SEASHELLS;2038.0;8
1035;54500;;;RAINFOREST_RESIN;SEASHELLS;10008.0;4
1036;54500;;;SQUID_INK;SEASHELLS;1849.0;8
1037;54600;;;KELP;SEASHELLS;2037.0;5
1038;54600;;;SQUID_INK;SEASHELLS;1847.0;5
1039;55000;;;DJEMBES;SEASHELLS;13294.0;4
1040;55100;;;VOLCANIC_ROCK_VOUCHER_10000;SEASHELLS;173.0;11
1041;55100;;;VOLCANIC_ROCK_VOUCHER_10000;SEASHELLS;173.0;1
1042;55100;;;VOLCANIC_ROCK_VOUCHER_10250;SEASHELLS;32.0;11
1043;55100;;;VOLCANIC_ROCK_VOUCHER_10250;SEASHELLS;32.0;1
1044;55100;;;VOLCANIC_ROCK_VOUCHER_10500;SEASHELLS;3.0;11
1045;55100;;;VOLCANIC_ROCK_VOUCHER_10500;SEASHELLS;3.0;1
1046;55100;;;VOLCANIC_ROCK_VOUCHER_9500;SEASHELLS;654.0;11
1047;55100;;;VOLCANIC_ROCK_VOUCHER_9500;SEASHELLS;654.0;1
1048;55100;;;VOLCANIC_ROCK_VOUCHER_9750;SEASHELLS;406.0;11
1049;55100;;;VOLCANIC_ROCK_VOUCHER_9750;SEASHELLS;406.0;1
1050;55400;;;JAMS;SEASHELLS;6521.0;5
1051;55500;;;JAMS;SEASHELLS;6521.0;9
1052;55500;;;RAINFOREST_RESIN;SEASHELLS;10008.0;2
1053;55500;;;VOLCANIC_ROCK;SEASHELLS;10155.0;6
1054;55600;;;JAMS;SEASHELLS;6520.0;8
1055;55700;;;CROISSANTS;SEASHELLS;4232.0;5
1056;55800;;;JAMS;SEASHELLS;6522.0;5
1057;55800;;;KELP;SEASHELLS;2036.0;13
1058;55800;;;SQUID_INK;SEASHELLS;1850.0;13
1059;55900;;;CROISSANTS;SEASHELLS;4231.0;7
1060;56000;;;DJEMBES;SEASHELLS;13288.0;1
1061;56000;;;KELP;SEASHELLS;2038.0;4
1062;56000;;;RAINFOREST_RESIN;SEASHELLS;10002.0;3
1063;56000;;;RAINFOREST_RESIN;SEASHELLS;10001.0;1
1064;56000;;;SQUID_INK;SEASHELLS;1852.0;4
1065;56200;;;KELP;SEASHELLS;2037.0;3
1066;56200;;;PICNIC_BASKET1;SEASHELLS;58260.0;1
1067;56200;;;PICNIC_BASKET2;SEASHELLS;30052.0;10
1068;56200;;;SQUID_INK;SEASHELLS;1851.0;3
1069;56300;;;RAINFOREST_RESIN;SEASHELLS;10003.0;3
1070;56300;;;RAINFOREST_RESIN;SEASHELLS;10003.0;3
1071;56400;;;RAINFOREST_RESIN;SEASHELLS;10008.0;9
1072;56400;;;RAINFOREST_RESIN;SEASHELLS;10001.0;1
1073;56400;;;VOLCANIC_ROCK_VOUCHER_10000;SEASHELLS;160.0;7
1074;56400;;;VOLCANIC_ROCK_VOUCHER_10250;SEASHELLS;27.0;7
1075;56400;;;VOLCANIC_ROCK_VOUCHER_10500;SEASHELLS;2.0;7
1076;56400;;;VOLCANIC_ROCK_VOUCHER_9500;SEASHELLS;637.0;7
1077;56400;;;VOLCANIC_ROCK_VOUCHER_9750;SEASHELLS;390.0;7
1078;56500;;;JAMS;SEASHELLS;6520.0;5
1079;56600;;;DJEMBES;SEASHELLS;13290.0;1
1080;56600;;;PICNIC_BASKET2;SEASHELLS;30050.0;2
1081;56600;;;VOLCANIC_ROCK_VOUCHER_10000;SEASHELLS;158.0;12
1082;56600;;;VOLCANIC_ROCK_VOUCHER_10250;SEASHELLS;28.0;12
1083;56600;;;VOLCANIC_ROCK_VOUCHER_10500;SEASHELLS;2.0;12
1084;56600;;;VOLCANIC_ROCK_VOUCHER_9500;SEASHELLS;638.0;12
1085;56600;;;VOLCANIC_ROCK_VOUCHER_9750;SEASHELLS;390.0;12
1086;56700;;;KELP;SEASHELLS;2036.0;1
1087;56700;;;SQUID_INK;SEASHELLS;1850.0;1
1088;57000;;;DJEMBES;SEASHELLS;13289.0;2
1089;57000;;;JAMS;SEASHELLS;6522.0;4
1090;57000;;;JAMS;SEASHELLS;6524.0;8
1091;57500;;;RAINFOREST_RESIN;SEASHELLS;9992.0;7
1092;57500;;;VOLCANIC_ROCK;SEASHELLS;10141.0;3
1093;57500;;;VOLCANIC_ROCK_VOUCHER_10000;SEASHELLS;162.0;11
1094;57500;;;VOLCANIC_ROCK_VOUCHER_9500;SEASHELLS;641.0;11
1095;57500;;;VOLCANIC_ROCK_VOUCHER_9750;SEASHELLS;392.0;11
1096;57600;;;KELP;SEASHELLS;2037.0;1
1097;57600;;;KELP;SEASHELLS;2039.0;6
1098;57600;;;SQUID_INK;SEASHELLS;1857.0;1
1099;57600;;;SQUID_INK;SEASHELLS;1858.0;6
1100;57800;;;RAINFOREST_RESIN;SEASHELLS;10008.0;7
1101;57800;;;VOLCANIC_ROCK_VOUCHER_10000;SEASHELLS;165.0;13
1102;57800;;;VOLCANIC_ROCK_VOUCHER_10000;SEASHELLS;165.0;2
1103;57800;;;VOLCANIC_ROCK_VOUCHER_10250;SEASHELLS;29.0;13
1104;57800;;;VOLCANIC_ROCK_VOUCHER_10250;SEASHELLS;29.0;2
1105;57800;;;VOLCANIC_ROCK_VOUCHER_10500;SEASHELLS;2.0;13
1106;57800;;;VOLCANIC_ROCK_VOUCHER_10500;SEASHELLS;2.0;2
1107;57800;;;VOLCANIC_ROCK_VOUCHER_9500;SEASHELLS;644.0;13
1108;57800;;;VOLCANIC_ROCK_VOUCHER_9500;SEASHELLS;644.0;2
1109;57800;;;VOLCANIC_ROCK_VOUCHER_9750;SEASHELLS;395.0;13
1110;57800;;;VOLCANIC_ROCK_VOUCHER_9750;SEASHELLS;395.0;2
1111;58000;;;KELP;SEASHELLS;2038.0;1
1112;58200;;;KELP;SEASHELLS;2039.0;1
1113;58200;;;SQUID_INK;SEASHELLS;1860.0;1
1114;58300;;;RAINFOREST_RESIN;SEASHELLS;9992.0;7
1115;58300;;;RAINFOREST_RESIN;SEASHELLS;9998.0;3
1116;58400;;;CROISSANTS;SEASHELLS;4233.0;8
1117;58400;;;RAINFOREST_RESIN;SEASHELLS;9992.0;6
1118;58600;;;JAMS;SEASHELLS;6525.0;8
1119;58700;;;KELP;SEASHELLS;2037.0;3
1120;58700;;;SQUID_INK;SEASHELLS;1857.0;3
1121;58900;;;VOLCANIC_ROCK;SEASHELLS;10144.0;6
1122;59000;;;CROISSANTS;SEASHELLS;4232.0;9
1123;59100;;;PICNIC_BASKET1;SEASHELLS;58250.0;7
1124;59200;;;RAINFOREST_RESIN;SEASHELLS;10008.0;1
1125;59200;;;RAINFOREST_RESIN;SEASHELLS;10001.0;1
1126;59300;;;JAMS;SEASHELLS;6524.0;10
1128;59300;;;VOLCANIC_ROCK;SEASHELLS;10145.0;1
1129;59300;;;VOLCANIC_ROCK;SEASHELLS;10146.0;5
1130;59600;;;JAMS;SEASHELLS;6524.0;6
1131;59700;;;RAINFOREST_RESIN;SEASHELLS;10001.0;1
1132;59800;;;RAINFOREST_RESIN;SEASHELLS;10008.0;5
1133;59900;;;JAMS;SEASHELLS;6524.0;7
1134;60000;;;PICNIC_BASKET1;SEASHELLS;58261.0;1
1135;60000;;;PICNIC_BASKET2;SEASHELLS;30079.0;1
1136;60000;;;RAINFOREST_RESIN;SEASHELLS;10008.0;7
1137;60100;;;VOLCANIC_ROCK_VOUCHER_10000;SEASHELLS;173.0;16
1138;60100;;;VOLCANIC_ROCK_VOUCHER_9500;SEASHELLS;655.0;16
1139;60100;;;VOLCANIC_ROCK_VOUCHER_9750;SEASHELLS;406.0;16
1140;60300;;;CROISSANTS;SEASHELLS;4233.0;8
1141;60300;;;PICNIC_BASKET1;SEASHELLS;58263.0;2
1142;60300;;;PICNIC_BASKET2;SEASHELLS;30079.0;2
1143;60400;;;JAMS;SEASHELLS;6524.0;4
1144;60400;;;JAMS;SEASHELLS;6526.0;10
1145;60500;;;KELP;SEASHELLS;2036.0;4
1146;60500;;;KELP;SEASHELLS;2036.0;1
1148;60500;;;PICNIC_BASKET1;SEASHELLS;58249.0;1
1149;60500;;;PICNIC_BASKET2;SEASHELLS;30071.0;6
1150;60500;;;SQUID_INK;SEASHELLS;1855.0;1
1151;60500;;;SQUID_INK;SEASHELLS;1856.0;4
1152;60600;;;JAMS;SEASHELLS;6526.0;6
1153;60900;;;JAMS;SEASHELLS;6524.0;6
1154;60900;;;KELP;SEASHELLS;2038.0;1
1155;60900;;;PICNIC_BASKET1;SEASHELLS;58259.0;4
1156;60900;;;PICNIC_BASKET2;SEASHELLS;30076.0;4
1157;61000;;;RAINFOREST_RESIN;SEASHELLS;10001.0;1
1158;61100;;;PICNIC_BASKET1;SEASHELLS;58249.0;1
1159;61100;;;PICNIC_BASKET2;SEASHELLS;30069.0;1
1160;61100;;;RAINFOREST_RESIN;SEASHELLS;10000.0;2
1161;61300;;;CROISSANTS;SEASHELLS;4231.0;7
1162;61400;;;KELP;SEASHELLS;2037.0;6
1163;61400;;;SQUID_INK;SEASHELLS;1855.0;6
1164;61500;;;KELP;SEASHELLS;2037.0;1
1165;61500;;;SQUID_INK;SEASHELLS;1854.0;1
1166;61700;;;RAINFOREST_RESIN;SEASHELLS;10003.0;7
1167;61700;;;RAINFOREST_RESIN;SEASHELLS;10002.0;3
1168;61900;;;JAMS;SEASHELLS;6524.0;8
1169;62000;;;DJEMBES;SEASHELLS;13289.0;5
1171;62100;;;KELP;SEASHELLS;2037.0;1
1172;62100;;;SQUID_INK;SEASHELLS;1854.0;1
1173;62100;;;SQUID_INK;SEASHELLS;1856.0;2
1174;62400;;;CROISSANTS;SEASHELLS;4231.0;6
1175;62500;;;DJEMBES;SEASHELLS;13287.0;3
1176;62600;;;VOLCANIC_ROCK;SEASHELLS;10159.0;9
1177;62700;;;RAINFOREST_RESIN;SEASHELLS;10002.0;3
1178;62800;;;DJEMBES;SEASHELLS;13288.0;2
1179;62800;;;JAMS;SEASHELLS;6522.0;7
1182;63000;;;CROISSANTS;SEASHELLS;4231.0;7
1183;63000;;;RAINFOREST_RESIN;SEASHELLS;9998.0;5
1184;63100;;;VOLCANIC_ROCK_VOUCHER_10000;SEASHELLS;175.0;14
1185;63100;;;VOLCANIC_ROCK_VOUCHER_9500;SEASHELLS;659.0;14
1186;63100;;;VOLCANIC_ROCK_VOUCHER_9750;SEASHELLS;410.0;14
1187;63300;;;KELP;SEASHELLS;2037.0;9
1188;63300;;;SQUID_INK;SEASHELLS;1855.0;9
1189;63700;;;KELP;SEASHELLS;2037.0;5
1190;63700;;;RAINFOREST_RESIN;SEASHELLS;9998.0;4
1191;63700;;;SQUID_INK;SEASHELLS;1854.0;5
1192;63800;;;DJEMBES;SEASHELLS;13287.0;1
1193;63800;;;JAMS;SEASHELLS;6520.0;4
1194;63800;;;RAINFOREST_RESIN;SEASHELLS;10001.0;1
1195;63900;;;KELP;SEASHELLS;2037.0;1
1196;63900;;;KELP;SEASHELLS;2037.0;3
1197;63900;;;SQUID_INK;SEASHELLS;1854.0;1
1198;63900;;;SQUID_INK;SEASHELLS;1854.0;3
1199;64000;;;CROISSANTS;SEASHELLS;4232.0;5
1200;64000;;;JAMS;SEASHELLS;6519.0;10
1201;64100;;;KELP;SEASHELLS;2037.0;1
1202;64100;;;SQUID_INK;SEASHELLS;1854.0;1
1203;64200;;;RAINFOREST_RESIN;SEASHELLS;9992.0;6
1204;64400;;;DJEMBES;SEASHELLS;13289.0;2
1205;64400;;;JAMS;SEASHELLS;6519.0;5
1206;64500;;;KELP;SEASHELLS;2038.0;1
1207;64500;;;SQUID_INK;SEASHELLS;1851.0;1
1208;64700;;;KELP;SEASHELLS;2043.0;2
1209;64700;;;SQUID_INK;SEASHELLS;1854.0;2
1210;64800;;;PICNIC_BASKET1;SEASHELLS;58196.0;2
1211;64800;;;PICNIC_BASKET2;SEASHELLS;30054.0;2
1212;65000;;;KELP;SEASHELLS;2040.0;2
1213;65000;;;SQUID_INK;SEASHELLS;1852.0;1
1214;65000;;;SQUID_INK;SEASHELLS;1852.0;1
1215;65100;;;KELP;SEASHELLS;2040.0;1
1216;65100;;;RAINFOREST_RESIN;SEASHELLS;10002.0;3
1217;65100;;;SQUID_INK;SEASHELLS;1852.0;1
1218;65300;;;RAINFOREST_RESIN;SEASHELLS;10003.0;4
1219;65300;;;VOLCANIC_ROCK_VOUCHER_10000;SEASHELLS;175.0;10
1220;65300;;;VOLCANIC_ROCK_VOUCHER_10250;SEASHELLS;32.0;10
1221;65300;;;VOLCANIC_ROCK_VOUCHER_10500;SEASHELLS;3.0;10
1222;65300;;;VOLCANIC_ROCK_VOUCHER_9500;SEASHELLS;656.0;10
1223;65300;;;VOLCANIC_ROCK_VOUCHER_9750;SEASHELLS;407.0;10
1224;65500;;;DJEMBES;SEASHELLS;13289.0;2
1225;65600;;;KELP;SEASHELLS;2040.0;1
1226;65600;;;SQUID_INK;SEASHELLS;1850.0;1
1227;65700;;;KELP;SEASHELLS;2042.0;1
1229;65700;;;RAINFOREST_RESIN;SEASHELLS;9998.0;5
1230;65800;;;DJEMBES;SEASHELLS;13290.0;4
1231;65900;;;JAMS;SEASHELLS;6520.0;10
1232;66000;;;KELP;SEASHELLS;2043.0;5
1233;66000;;;SQUID_INK;SEASHELLS;1853.0;5
1234;66200;;;KELP;SEASHELLS;2040.0;1
1235;66200;;;SQUID_INK;SEASHELLS;1849.0;1
1236;66200;;;VOLCANIC_ROCK_VOUCHER_10000;SEASHELLS;170.0;14
1237;66200;;;VOLCANIC_ROCK_VOUCHER_10000;SEASHELLS;170.0;2
1238;66200;;;VOLCANIC_ROCK_VOUCHER_9500;SEASHELLS;652.0;14
1239;66200;;;VOLCANIC_ROCK_VOUCHER_9500;SEASHELLS;652.0;2
1240;66200;;;VOLCANIC_ROCK_VOUCHER_9750;SEASHELLS;403.0;14
1241;66200;;;VOLCANIC_ROCK_VOUCHER_9750;SEASHELLS;403.0;2
1242;66300;;;KELP;SEASHELLS;2041.0;2
1243;66300;;;SQUID_INK;SEASHELLS;1851.0;2
1244;66300;;;SQUID_INK;SEASHELLS;1851.0;3
1245;66300;;;VOLCANIC_ROCK_VOUCHER_10000;SEASHELLS;170.0;11
1246;66300;;;VOLCANIC_ROCK_VOUCHER_10000;SEASHELLS;170.0;1
1247;66300;;;VOLCANIC_ROCK_VOUCHER_10250;SEASHELLS;31.0;11
1248;66300;;;VOLCANIC_ROCK_VOUCHER_10250;SEASHELLS;31.0;1
1249;66300;;;VOLCANIC_ROCK_VOUCHER_10500;SEASHELLS;2.0;11
1250;66300;;;VOLCANIC_ROCK_VOUCHER_10500;SEASHELLS;2.0;1
1251;66300;;;VOLCANIC_ROCK_VOUCHER_9500;SEASHELLS;653.0;11
1252;66300;;;VOLCANIC_ROCK_VOUCHER_9500;SEASHELLS;653.0;1
1253;66300;;;VOLCANIC_ROCK_VOUCHER_9750;SEASHELLS;404.0;11
1254;66300;;;VOLCANIC_ROCK_VOUCHER_9750;SEASHELLS;404.0;1
1255;66700;;;CROISSANTS;SEASHELLS;4232.0;7
1256;66700;;;KELP;SEASHELLS;2041.0;1
1257;66700;;;SQUID_INK;SEASHELLS;1849.0;1
1258;66800;;;DJEMBES;SEASHELLS;13290.0;3
1259;66800;;;KELP;SEASHELLS;2042.0;4
1260;66900;;;VOLCANIC_ROCK_VOUCHER_10000;SEASHELLS;169.0;15
1261;66900;;;VOLCANIC_ROCK_VOUCHER_10000;SEASHELLS;169.0;1
1262;66900;;;VOLCANIC_ROCK_VOUCHER_10250;SEASHELLS;30.0;15
1263;66900;;;VOLCANIC_ROCK_VOUCHER_10250;SEASHELLS;30.0;1
1264;66900;;;VOLCANIC_ROCK_VOUCHER_10500;SEASHELLS;2.0;15
1265;66900;;;VOLCANIC_ROCK_VOUCHER_10500;SEASHELLS;2.0;1
1266;66900;;;VOLCANIC_ROCK_VOUCHER_9500;SEASHELLS;650.0;15
1267;66900;;;VOLCANIC_ROCK_VOUCHER_9500;SEASHELLS;650.0;1
1268;66900;;;VOLCANIC_ROCK_VOUCHER_9750;SEASHELLS;401.0;15
1269;66900;;;VOLCANIC_ROCK_VOUCHER_9750;SEASHELLS;401.0;1
1270;67000;;;RAINFOREST_RESIN;SEASHELLS;10002.0;1
1271;67100;;;DJEMBES;SEASHELLS;13290.0;3
1272;67100;;;KELP;SEASHELLS;2043.0;1
1273;67100;;;KELP;SEASHELLS;2041.0;9
1274;67100;;;SQUID_INK;SEASHELLS;1851.0;1
1275;67100;;;SQUID_INK;SEASHELLS;1849.0;9
1276;67200;;;RAINFOREST_RESIN;SEASHELLS;9992.0;7
1277;67300;;;DJEMBES;SEASHELLS;13291.0;1
1278;67400;;;JAMS;SEASHELLS;6523.0;8
1280;67700;;;KELP;SEASHELLS;2041.0;3
1281;67700;;;RAINFOREST_RESIN;SEASHELLS;10001.0;1
1282;67900;;;DJEMBES;SEASHELLS;13291.0;5
1283;68500;;;DJEMBES;SEASHELLS;13291.0;5
1284;68600;;;KELP;SEASHELLS;2043.0;1
1285;68600;;;SQUID_INK;SEASHELLS;1852.0;1
1286;68700;;;CROISSANTS;SEASHELLS;4233.0;8
1287;68800;;;KELP;SEASHELLS;2041.0;3
1288;68800;;;SQUID_INK;SEASHELLS;1849.0;3
1289;68900;;;JAMS;SEASHELLS;6520.0;10
1290;69000;;;RAINFOREST_RESIN;SEASHELLS;9992.0;4
1291;69000;;;VOLCANIC_ROCK_VOUCHER_10000;SEASHELLS;172.0;13
1292;69000;;;VOLCANIC_ROCK_VOUCHER_10000;SEASHELLS;172.0;1
1293;69000;;;VOLCANIC_ROCK_VOUCHER_10250;SEASHELLS;32.0;13
1294;69000;;;VOLCANIC_ROCK_VOUCHER_10250;SEASHELLS;32.0;1
1295;69000;;;VOLCANIC_ROCK_VOUCHER_9500;SEASHELLS;654.0;13
1296;69000;;;VOLCANIC_ROCK_VOUCHER_9500;SEASHELLS;654.0;1
1297;69000;;;VOLCANIC_ROCK_VOUCHER_9750;SEASHELLS;405.0;13
1298;69000;;;VOLCANIC_ROCK_VOUCHER_9750;SEASHELLS;405.0;1
1299;69200;;;RAINFOREST_RESIN;SEASHELLS;10008.0;5
1300;69300;;;DJEMBES;SEASHELLS;13293.0;11
1301;69400;;;PICNIC_BASKET1;SEASHELLS;58243.0;1
1302;69400;;;PICNIC_BASKET2;SEASHELLS;30089.0;6
1303;69500;;;RAINFOREST_RESIN;SEASHELLS;9999.0;1
1304;69700;;;KELP;SEASHELLS;2040.0;1
1305;69700;;;SQUID_INK;SEASHELLS;1847.0;1
1306;69900;;;DJEMBES;SEASHELLS;13296.0;1
1307;70000;;;DJEMBES;SEASHELLS;13294.0;7
1308;70000;;;KELP;SEASHELLS;2040.0;8
1309;70000;;;KELP;SEASHELLS;2040.0;9
1310;70000;;;SQUID_INK;SEASHELLS;1846.0;9
1311;70100;;;VOLCANIC_ROCK;SEASHELLS;10154.0;5
1312;70200;;;KELP;SEASHELLS;2043.0;1
1313;70200;;;SQUID_INK;SEASHELLS;1850.0;1
1314;70300;;;VOLCANIC_ROCK;SEASHELLS;10157.0;2
1315;70400;;;VOLCANIC_ROCK_VOUCHER_10000;SEASHELLS;176.0;16
1316;70400;;;VOLCANIC_ROCK_VOUCHER_10000;SEASHELLS;176.0;2
1317;70400;;;VOLCANIC_ROCK_VOUCHER_9500;SEASHELLS;659.0;16
1318;70400;;;VOLCANIC_ROCK_VOUCHER_9500;SEASHELLS;659.0;2
1319;70400;;;VOLCANIC_ROCK_VOUCHER_9750;SEASHELLS;410.0;16
1320;70400;;;VOLCANIC_ROCK_VOUCHER_9750;SEASHELLS;410.0;2
1321;70600;;;VOLCANIC_ROCK_VOUCHER_10000;SEASHELLS;177.0;14
1322;70600;;;VOLCANIC_ROCK_VOUCHER_10000;SEASHELLS;177.0;2
1323;70600;;;VOLCANIC_ROCK_VOUCHER_10250;SEASHELLS;34.0;14
1324;70600;;;VOLCANIC_ROCK_VOUCHER_10250;SEASHELLS;34.0;2
1325;70600;;;VOLCANIC_ROCK_VOUCHER_10500;SEASHELLS;3.0;14
1326;70600;;;VOLCANIC_ROCK_VOUCHER_10500;SEASHELLS;3.0;2
1327;70600;;;VOLCANIC_ROCK_VOUCHER_9500;SEASHELLS;662.0;14
1328;70600;;;VOLCANIC_ROCK_VOUCHER_9500;SEASHELLS;662.0;2
1329;70600;;;VOLCANIC_ROCK_VOUCHER_9750;SEASHELLS;413.0;14
1330;70600;;;VOLCANIC_ROCK_VOUCHER_9750;SEASHELLS;413.0;2
1331;70800;;;VOLCANIC_ROCK;SEASHELLS;10154.0;7
1332;70900;;;DJEMBES;SEASHELLS;13293.0;1
1333;71100;;;KELP;SEASHELLS;2042.0;1
1335;71100;;;SQUID_INK;SEASHELLS;1853.0;1
1336;71300;;;JAMS;SEASHELLS;6519.0;6
1337;71300;;;PICNIC_BASKET1;SEASHELLS;58253.0;1
1338;71300;;;PICNIC_BASKET2;SEASHELLS;30093.0;7
1339;71500;;;KELP;SEASHELLS;2039.0;1
1340;71500;;;KELP;SEASHELLS;2043.0;6
1341;71500;;;SQUID_INK;SEASHELLS;1851.0;1
1342;71500;;;SQUID_INK;SEASHELLS;1854.0;6
1343;71600;;;KELP;SEASHELLS;2039.0;1
1344;71600;;;SQUID_INK;SEASHELLS;1851.0;1
1345;71700;;;CROISSANTS;SEASHELLS;4235.0;6
1346;71900;;;VOLCANIC_ROCK_VOUCHER_10000;SEASHELLS;176.0;11
1347;71900;;;VOLCANIC_ROCK_VOUCHER_9500;SEASHELLS;659.0;11
1348;71900;;;VOLCANIC_ROCK_VOUCHER_9750;SEASHELLS;410.0;11
1349;72100;;;RAINFOREST_RESIN;SEASHELLS;9992.0;1
1350;72400;;;PICNIC_BASKET1;SEASHELLS;58251.0;1
1351;72400;;;PICNIC_BASKET1;SEASHELLS;58251.0;5
1352;72400;;;PICNIC_BASKET2;SEASHELLS;30092.0;6
1353;72500;;;CROISSANTS;SEASHELLS;4237.0;7
1354;72500;;;SQUID_INK;SEASHELLS;1851.0;5
1355;72600;;;VOLCANIC_ROCK;SEASHELLS;10158.0;9
1356;72900;;;RAINFOREST_RESIN;SEASHELLS;9992.0;4
1357;73000;;;KELP;SEASHELLS;2041.0;1
1358;73000;;;KELP;SEASHELLS;2039.0;2
1359;73000;;;SQUID_INK;SEASHELLS;1852.0;1
1360;73000;;;SQUID_INK;SEASHELLS;1850.0;2
1361;73100;;;VOLCANIC_ROCK_VOUCHER_10000;SEASHELLS;174.0;11
1362;73100;;;VOLCANIC_ROCK_VOUCHER_9500;SEASHELLS;659.0;11
1363;73100;;;VOLCANIC_ROCK_VOUCHER_9750;SEASHELLS;410.0;11
1364;73200;;;KELP;SEASHELLS;2042.0;1
1365;73200;;;RAINFOREST_RESIN;SEASHELLS;10003.0;4
1366;73200;;;RAINFOREST_RESIN;SEASHELLS;10008.0;4
1367;73200;;;SQUID_INK;SEASHELLS;1853.0;1
1368;73300;;;DJEMBES;SEASHELLS;13291.0;4
1369;73300;;;KELP;SEASHELLS;2039.0;1
1370;73300;;;RAINFOREST_RESIN;SEASHELLS;10008.0;1
1371;73300;;;SQUID_INK;SEASHELLS;1851.0;1
1372;73300;;;VOLCANIC_ROCK_VOUCHER_10000;SEASHELLS;180.0;6
1373;73300;;;VOLCANIC_ROCK_VOUCHER_10250;SEASHELLS;33.0;6
1374;73300;;;VOLCANIC_ROCK_VOUCHER_10500;SEASHELLS;3.0;6
1375;73300;;;VOLCANIC_ROCK_VOUCHER_9500;SEASHELLS;661.0;6
1376;73300;;;VOLCANIC_ROCK_VOUCHER_9750;SEASHELLS;412.0;6
1377;73400;;;VOLCANIC_ROCK_VOUCHER_10000;SEASHELLS;179.0;10
1378;73400;;;VOLCANIC_ROCK_VOUCHER_9500;SEASHELLS;667.0;10
1379;73400;;;VOLCANIC_ROCK_VOUCHER_9750;SEASHELLS;418.0;10
1380;73500;;;VOLCANIC_ROCK_VOUCHER_10000;SEASHELLS;183.0;10
1381;73500;;;VOLCANIC_ROCK_VOUCHER_10250;SEASHELLS;34.0;10
1382;73500;;;VOLCANIC_ROCK_VOUCHER_10500;SEASHELLS;3.0;10
1383;73500;;;VOLCANIC_ROCK_VOUCHER_9500;SEASHELLS;664.0;10
1384;73500;;;VOLCANIC_ROCK_VOUCHER_9750;SEASHELLS;415.0;10
1385;73600;;;CROISSANTS;SEASHELLS;4238.0;7
1386;73600;;;VOLCANIC_ROCK;SEASHELLS;10162.0;10
1387;73800;;;KELP;SEASHELLS;2044.0;2
1388;73800;;;SQUID_INK;SEASHELLS;1854.0;2
1390;74200;;;KELP;SEASHELLS;2040.0;1
1391;74300;;;KELP;SEASHELLS;2043.0;1
1392;74300;;;SQUID_INK;SEASHELLS;1853.0;1
1393;74400;;;KELP;SEASHELLS;2040.0;8
1394;74400;;;RAINFOREST_RESIN;SEASHELLS;10008.0;5
1395;74400;;;SQUID_INK;SEASHELLS;1851.0;8
1396;74600;;;JAMS;SEASHELLS;6517.0;8
1397;74700;;;VOLCANIC_ROCK_VOUCHER_10000;SEASHELLS;184.0;8
1398;74700;;;VOLCANIC_ROCK_VOUCHER_10250;SEASHELLS;35.0;8
1399;74700;;;VOLCANIC_ROCK_VOUCHER_10500;SEASHELLS;3.0;8
1400;74700;;;VOLCANIC_ROCK_VOUCHER_9500;SEASHELLS;667.0;8
1401;74700;;;VOLCANIC_ROCK_VOUCHER_9750;SEASHELLS;418.0;8
1402;74900;;;RAINFOREST_RESIN;SEASHELLS;10001.0;1
1403;75100;;;KELP;SEASHELLS;2040.0;1
1405;75100;;;SQUID_INK;SEASHELLS;1850.0;1
1406;75300;;;VOLCANIC_ROCK_VOUCHER_10000;SEASHELLS;183.0;14
1407;75300;;;VOLCANIC_ROCK_VOUCHER_9500;SEASHELLS;667.0;14
1408;75300;;;VOLCANIC_ROCK_VOUCHER_9750;SEASHELLS;418.0;14
1409;75400;;;RAINFOREST_RESIN;SEASHELLS;10008.0;2
1410;75800;;;KELP;SEASHELLS;2042.0;2
1412;75800;;;SQUID_INK;SEASHELLS;1850.0;2
1413;75900;;;JAMS;SEASHELLS;6517.0;5
1414;76500;;;KELP;SEASHELLS;2044.0;1
1415;76500;;;SQUID_INK;SEASHELLS;1852.0;1
1416;76500;;;SQUID_INK;SEASHELLS;1851.0;2
1417;76800;;;RAINFOREST_RESIN;SEASHELLS;9992.0;5
1418;76900;;;DJEMBES;SEASHELLS;13292.0;2
1420;77000;;;KELP;SEASHELLS;2043.0;2
1421;77000;;;KELP;SEASHELLS;2043.0;10
1422;77000;;;SQUID_INK;SEASHELLS;1851.0;2
1423;77000;;;SQUID_INK;SEASHELLS;1851.0;10
1424;77100;;;KELP;SEASHELLS;2041.0;5
1425;77100;;;SQUID_INK;SEASHELLS;1848.0;5
1426;77400;;;KELP;SEASHELLS;2040.0;1
1427;77400;;;SQUID_INK;SEASHELLS;1848.0;1
1428;77500;;;VOLCANIC_ROCK_VOUCHER_10000;SEASHELLS;172.0;11
1429;77500;;;VOLCANIC_ROCK_VOUCHER_10250;SEASHELLS;31.0;11
1430;77500;;;VOLCANIC_ROCK_VOUCHER_10500;SEASHELLS;2.0;11
1431;77500;;;VOLCANIC_ROCK_VOUCHER_9500;SEASHELLS;654.0;11
1432;77500;;;VOLCANIC_ROCK_VOUCHER_9750;SEASHELLS;406.0;11
1433;78200;;;KELP;SEASHELLS;2043.0;1
1434;78200;;;SQUID_INK;SEASHELLS;1850.0;1
1435;78300;;;KELP;SEASHELLS;2041.0;1
1436;78300;;;SQUID_INK;SEASHELLS;1847.0;1
1437;78600;;;RAINFOREST_RESIN;SEASHELLS;9992.0;4
1438;78800;;;JAMS;SEASHELLS;6517.0;11
1439;79200;;;KELP;SEASHELLS;2043.0;1
1440;79200;;;KELP;SEASHELLS;2044.0;2
1441;79200;;;RAINFOREST_RESIN;SEASHELLS;9992.0;1
1442;79200;;;SQUID_INK;SEASHELLS;1851.0;1
1443;79200;;;SQUID_INK;SEASHELLS;1852.0;2
1444;79300;;;VOLCANIC_ROCK_VOUCHER_10000;SEASHELLS;166.0;13
1445;79300;;;VOLCANIC_ROCK_VOUCHER_10250;SEASHELLS;30.0;13
1446;79300;;;VOLCANIC_ROCK_VOUCHER_10500;SEASHELLS;2.0;13
1447;79300;;;VOLCANIC_ROCK_VOUCHER_9500;SEASHELLS;648.0;13
1448;79300;;;VOLCANIC_ROCK_VOUCHER_9750;SEASHELLS;399.0;13
1449;79400;;;DJEMBES;SEASHELLS;13295.0;3
1450;79400;;;RAINFOREST_RESIN;SEASHELLS;9999.0;1
1451;79600;;;DJEMBES;SEASHELLS;13295.0;5
1452;79700;;;JAMS;SEASHELLS;6517.0;5
1453;79800;;;VOLCANIC_ROCK_VOUCHER_10000;SEASHELLS;171.0;16
1454;79800;;;VOLCANIC_ROCK_VOUCHER_9500;SEASHELLS;654.0;16
1455;79800;;;VOLCANIC_ROCK_VOUCHER_9750;SEASHELLS;405.0;16
1456;79900;;;VOLCANIC_ROCK_VOUCHER_10000;SEASHELLS;173.0;13
1457;79900;;;VOLCANIC_ROCK_VOUCHER_10000;SEASHELLS;173.0;1
1458;79900;;;VOLCANIC_ROCK_VOUCHER_10250;SEASHELLS;31.0;13
1459;79900;;;VOLCANIC_ROCK_VOUCHER_10250;SEASHELLS;31.0;1
1460;79900;;;VOLCANIC_ROCK_VOUCHER_10500;SEASHELLS;2.0;13
1461;79900;;;VOLCANIC_ROCK_VOUCHER_10500;SEASHELLS;2.0;1
1462;79900;;;VOLCANIC_ROCK_VOUCHER_9500;SEASHELLS;653.0;13
1463;79900;;;VOLCANIC_ROCK_VOUCHER_9500;SEASHELLS;653.0;1
1464;79900;;;VOLCANIC_ROCK_VOUCHER_9750;SEASHELLS;404.0;13
1465;79900;;;VOLCANIC_ROCK_VOUCHER_9750;SEASHELLS;404.0;1
1466;80000;;;DJEMBES;SEASHELLS;13294.0;5
1467;80100;;;KELP;SEASHELLS;2044.0;1
1469;80100;;;VOLCANIC_ROCK_VOUCHER_10000;SEASHELLS;169.0;13
1470;80100;;;VOLCANIC_ROCK_VOUCHER_10250;SEASHELLS;31.0;13
1471;80100;;;VOLCANIC_ROCK_VOUCHER_10500;SEASHELLS;2.0;13
1472;80100;;;VOLCANIC_ROCK_VOUCHER_9500;SEASHELLS;653.0;13
1473;80100;;;VOLCANIC_ROCK_VOUCHER_9750;SEASHELLS;404.0;13
1474;80200;;;CROISSANTS;SEASHELLS;4241.0;6
1475;80300;;;KELP;SEASHELLS;2042.0;1
1476;80300;;;SQUID_INK;SEASHELLS;1851.0;1
1477;80300;;;VOLCANIC_ROCK_VOUCHER_10000;SEASHELLS;170.0;11
1478;80300;;;VOLCANIC_ROCK_VOUCHER_10250;SEASHELLS;31.0;11
1479;80300;;;VOLCANIC_ROCK_VOUCHER_10500;SEASHELLS;2.0;11
1480;80300;;;VOLCANIC_ROCK_VOUCHER_9500;SEASHELLS;653.0;11
1481;80300;;;VOLCANIC_ROCK_VOUCHER_9750;SEASHELLS;405.0;11
1482;80400;;;DJEMBES;SEASHELLS;13293.0;3
1483;80400;;;KELP;SEASHELLS;2042.0;1
1484;80400;;;SQUID_INK;SEASHELLS;1850.0;1
1485;80600;;;KELP;SEASHELLS;2041.0;9
1486;80600;;;SQUID_INK;SEASHELLS;1849.0;9
1487;80700;;;VOLCANIC_ROCK;SEASHELLS;10159.0;5
1488;80800;;;CROISSANTS;SEASHELLS;4240.0;5
1489;80800;;;JAMS;SEASHELLS;6518.0;4
1490;81000;;;JAMS;SEASHELLS;6518.0;6
1491;81000;;;KELP;SEASHELLS;2041.0;1
1492;81000;;;KELP;SEASHELLS;2041.0;12
1493;81000;;;SQUID_INK;SEASHELLS;1847.0;12
1494;81100;;;CROISSANTS;SEASHELLS;4239.0;7
1495;81300;;;DJEMBES;SEASHELLS;13292.0;3
1496;81500;;;KELP;SEASHELLS;2042.0;1
1497;81500;;;SQUID_INK;SEASHELLS;1847.0;1
1498;82000;;;JAMS;SEASHELLS;6517.0;7
1499;82100;;;DJEMBES;SEASHELLS;13292.0;5
1500;82100;;;KELP;SEASHELLS;2041.0;3
1501;82200;;;CROISSANTS;SEASHELLS;4237.0;6
1502;82200;;;JAMS;SEASHELLS;6516.0;10
1503;82200;;;KELP;SEASHELLS;2040.0;2
1504;82200;;;RAINFOREST_RESIN;SEASHELLS;10008.0;6
1505;82200;;;SQUID_INK;SEASHELLS;1846.0;2
1506;82600;;;KELP;SEASHELLS;2041.0;2
1507;82600;;;RAINFOREST_RESIN;SEASHELLS;10008.0;4
1508;82600;;;SQUID_INK;SEASHELLS;1846.0;2
1509;82700;;;DJEMBES;SEASHELLS;13292.0;4
1510;83100;;;CROISSANTS;SEASHELLS;4238.0;8
1511;83100;;;RAINFOREST_RESIN;SEASHELLS;9998.0;1
1512;83100;;;RAINFOREST_RESIN;SEASHELLS;9998.0;3
1513;83200;;;JAMS;SEASHELLS;6516.0;6
1514;83200;;;VOLCANIC_ROCK_VOUCHER_10000;SEASHELLS;175.0;14
1515;83200;;;VOLCANIC_ROCK_VOUCHER_10000;SEASHELLS;175.0;2
1516;83200;;;VOLCANIC_ROCK_VOUCHER_10250;SEASHELLS;33.0;14
1517;83200;;;VOLCANIC_ROCK_VOUCHER_10250;SEASHELLS;33.0;2
1518;83200;;;VOLCANIC_ROCK_VOUCHER_10500;SEASHELLS;3.0;14
1519;83200;;;VOLCANIC_ROCK_VOUCHER_10500;SEASHELLS;3.0;2
1520;83200;;;VOLCANIC_ROCK_VOUCHER_9500;SEASHELLS;658.0;14
1521;83200;;;VOLCANIC_ROCK_VOUCHER_9500;SEASHELLS;658.0;2
1522;83200;;;VOLCANIC_ROCK_VOUCHER_9750;SEASHELLS;409.0;14
1523;83200;;;VOLCANIC_ROCK_VOUCHER_9750;SEASHELLS;409.0;2
1524;83300;;;KELP;SEASHELLS;2042.0;1
1525;83300;;;KELP;SEASHELLS;2040.0;2
1526;83300;;;RAINFOREST_RESIN;SEASHELLS;10008.0;6
1527;83300;;;SQUID_INK;SEASHELLS;1849.0;1
1528;83300;;;SQUID_INK;SEASHELLS;1847.0;2
1529;83400;;;JAMS;SEASHELLS;6516.0;8
1530;83400;;;KELP;SEASHELLS;2040.0;2
1531;83400;;;SQUID_INK;SEASHELLS;1847.0;2
1532;83500;;;CROISSANTS;SEASHELLS;4237.0;4
1533;83500;;;DJEMBES;SEASHELLS;13295.0;5
1534;83500;;;VOLCANIC_ROCK_VOUCHER_10000;SEASHELLS;181.0;12
1535;83500;;;VOLCANIC_ROCK_VOUCHER_10250;SEASHELLS;34.0;12
1536;83500;;;VOLCANIC_ROCK_VOUCHER_10500;SEASHELLS;3.0;12
1537;83500;;;VOLCANIC_ROCK_VOUCHER_9500;SEASHELLS;664.0;12
1538;83500;;;VOLCANIC_ROCK_VOUCHER_9750;SEASHELLS;415.0;12
1539;83600;;;CROISSANTS;SEASHELLS;4237.0;6
1540;83600;;;CROISSANTS;SEASHELLS;4237.0;5
1541;83600;;;JAMS;SEASHELLS;6517.0;6
1543;84000;;;DJEMBES;SEASHELLS;13296.0;1
1544;84000;;;PICNIC_BASKET1;SEASHELLS;58246.0;10
1545;84000;;;PICNIC_BASKET2;SEASHELLS;30079.0;10
1546;84000;;;VOLCANIC_ROCK_VOUCHER_10000;SEASHELLS;182.0;13
1547;84000;;;VOLCANIC_ROCK_VOUCHER_10250;SEASHELLS;34.0;13
1548;84000;;;VOLCANIC_ROCK_VOUCHER_10500;SEASHELLS;3.0;13
1549;84000;;;VOLCANIC_ROCK_VOUCHER_9500;SEASHELLS;665.0;13
1550;84000;;;VOLCANIC_ROCK_VOUCHER_9750;SEASHELLS;416.0;13
1552;84200;;;RAINFOREST_RESIN;SEASHELLS;9992.0;1
1553;84300;;;KELP;SEASHELLS;2042.0;1
1554;84300;;;KELP;SEASHELLS;2042.0;8
1555;84300;;;SQUID_INK;SEASHELLS;1850.0;1
1556;84500;;;DJEMBES;SEASHELLS;13295.0;4
1557;84700;;;DJEMBES;SEASHELLS;13297.0;3
1558;84800;;;RAINFOREST_RESIN;SEASHELLS;9997.0;6
1559;85200;;;KELP;SEASHELLS;2042.0;1
1560;85200;;;SQUID_INK;SEASHELLS;1848.0;1
1561;85300;;;RAINFOREST_RESIN;SEASHELLS;9999.0;1
1562;85400;;;RAINFOREST_RESIN;SEASHELLS;9992.0;5
1563;85400;;;VOLCANIC_ROCK;SEASHELLS;10162.0;9
1564;85500;;;RAINFOREST_RESIN;SEASHELLS;10001.0;1
1565;85600;;;VOLCANIC_ROCK_VOUCHER_10000;SEASHELLS;182.0;16
1566;85600;;;VOLCANIC_ROCK_VOUCHER_10250;SEASHELLS;34.0;16
1567;85600;;;VOLCANIC_ROCK_VOUCHER_10500;SEASHELLS;3.0;16
1568;85600;;;VOLCANIC_ROCK_VOUCHER_9500;SEASHELLS;664.0;16
1569;85600;;;VOLCANIC_ROCK_VOUCHER_9750;SEASHELLS;416.0;16
1570;85700;;;KELP;SEASHELLS;2043.0;1
1571;85700;;;RAINFOREST_RESIN;SEASHELLS;9992.0;1
1572;85700;;;SQUID_INK;SEASHELLS;1849.0;1
1573;85800;;;CROISSANTS;SEASHELLS;4238.0;6
1574;85800;;;RAINFOREST_RESIN;SEASHELLS;9992.0;1
1575;85900;;;JAMS;SEASHELLS;6515.0;5
1576;85900;;;KELP;SEASHELLS;2041.0;1
1577;85900;;;SQUID_INK;SEASHELLS;1847.0;1
1578;86000;;;RAINFOREST_RESIN;SEASHELLS;10001.0;1
1579;86100;;;RAINFOREST_RESIN;SEASHELLS;9992.0;7
1580;86200;;;CROISSANTS;SEASHELLS;4238.0;6
1581;86200;;;CROISSANTS;SEASHELLS;4238.0;6
1582;86300;;;DJEMBES;SEASHELLS;13293.0;1
1583;86300;;;JAMS;SEASHELLS;6515.0;6
1584;86400;;;KELP;SEASHELLS;2042.0;1
1585;86400;;;SQUID_INK;SEASHELLS;1850.0;1
1586;86800;;;KELP;SEASHELLS;2042.0;1
1587;86800;;;SQUID_INK;SEASHELLS;1849.0;1
1588;86900;;;KELP;SEASHELLS;2042.0;3
1589;86900;;;SQUID_INK;SEASHELLS;1850.0;3
1590;87100;;;KELP;SEASHELLS;2042.0;1
1591;87100;;;SQUID_INK;SEASHELLS;1850.0;1
1592;87300;;;RAINFOREST_RESIN;SEASHELLS;10002.0;5
1593;87400;;;CROISSANTS;SEASHELLS;4239.0;5
1594;87400;;;DJEMBES;SEASHELLS;13289.0;1
1595;87400;;;JAMS;SEASHELLS;6516.0;8
1596;87500;;;RAINFOREST_RESIN;SEASHELLS;9992.0;5
1597;88100;;;CROISSANTS;SEASHELLS;4238.0;6
1598;88100;;;PICNIC_BASKET1;SEASHELLS;58264.0;5
1599;88100;;;PICNIC_BASKET2;SEASHELLS;30094.0;5
1600;88300;;;KELP;SEASHELLS;2044.0;1
1601;88300;;;SQUID_INK;SEASHELLS;1854.0;1
1602;88400;;;VOLCANIC_ROCK;SEASHELLS;10170.0;2
1603;88500;;;DJEMBES;SEASHELLS;13286.0;1
1604;88600;;;DJEMBES;SEASHELLS;13286.0;2
1605;88700;;;CROISSANTS;SEASHELLS;4238.0;6
1606;88700;;;DJEMBES;SEASHELLS;13287.0;1
1607;88700;;;JAMS;SEASHELLS;6514.0;8
1608;88900;;;CROISSANTS;SEASHELLS;4239.0;7
1609;89000;;;PICNIC_BASKET2;SEASHELLS;30087.0;1
1610;89000;;;PICNIC_BASKET2;SEASHELLS;30087.0;6
1611;89100;;;RAINFOREST_RESIN;SEASHELLS;9992.0;5
1612;89200;;;JAMS;SEASHELLS;6514.0;10
1613;89200;;;VOLCANIC_ROCK_VOUCHER_10000;SEASHELLS;192.0;17
1614;89200;;;VOLCANIC_ROCK_VOUCHER_10000;SEASHELLS;192.0;2
1615;89200;;;VOLCANIC_ROCK_VOUCHER_10250;SEASHELLS;38.0;17
1616;89200;;;VOLCANIC_ROCK_VOUCHER_10250;SEASHELLS;38.0;2
1617;89200;;;VOLCANIC_ROCK_VOUCHER_10500;SEASHELLS;3.0;17
1618;89200;;;VOLCANIC_ROCK_VOUCHER_10500;SEASHELLS;3.0;2
1619;89200;;;VOLCANIC_ROCK_VOUCHER_9750;SEASHELLS;427.0;17
1620;89200;;;VOLCANIC_ROCK_VOUCHER_9750;SEASHELLS;427.0;2
1621;89300;;;RAINFOREST_RESIN;SEASHELLS;10008.0;8
1622;89400;;;KELP;SEASHELLS;2043.0;2
1623;89400;;;SQUID_INK;SEASHELLS;1853.0;2
1624;89500;;;DJEMBES;SEASHELLS;13284.0;1
1625;89600;;;CROISSANTS;SEASHELLS;4239.0;5
1626;89600;;;JAMS;SEASHELLS;6514.0;8
1627;89700;;;DJEMBES;SEASHELLS;13284.0;5
1628;89800;;;VOLCANIC_ROCK_VOUCHER_10000;SEASHELLS;192.0;14
1629;89800;;;VOLCANIC_ROCK_VOUCHER_10250;SEASHELLS;39.0;14
1630;89800;;;VOLCANIC_ROCK_VOUCHER_10500;SEASHELLS;3.0;14
1631;89800;;;VOLCANIC_ROCK_VOUCHER_9500;SEASHELLS;679.0;14
1632;89800;;;VOLCANIC_ROCK_VOUCHER_9750;SEASHELLS;430.0;14
1633;89900;;;RAINFOREST_RESIN;SEASHELLS;10002.0;4
1634;89900;;;VOLCANIC_ROCK_VOUCHER_10000;SEASHELLS;194.0;12
1635;89900;;;VOLCANIC_ROCK_VOUCHER_10250;SEASHELLS;38.0;12
1636;89900;;;VOLCANIC_ROCK_VOUCHER_10500;SEASHELLS;3.0;12
1637;89900;;;VOLCANIC_ROCK_VOUCHER_9500;SEASHELLS;677.0;12
1638;89900;;;VOLCANIC_ROCK_VOUCHER_9750;SEASHELLS;428.0;12
1639;90000;;;KELP;SEASHELLS;2044.0;1
1640;90000;;;KELP;SEASHELLS;2044.0;2
1641;90000;;;SQUID_INK;SEASHELLS;1853.0;1
1642;90000;;;SQUID_INK;SEASHELLS;1853.0;2
1643;90100;;;RAINFOREST_RESIN;SEASHELLS;10003.0;6
1644;90200;;;KELP;SEASHELLS;2042.0;6
1645;90200;;;KELP;SEASHELLS;2042.0;9
1646;90200;;;SQUID_INK;SEASHELLS;1851.0;6
1647;90200;;;SQUID_INK;SEASHELLS;1851.0;9
1648;90400;;;RAINFOREST_RESIN;SEASHELLS;9992.0;2
1650;90500;;;VOLCANIC_ROCK_VOUCHER_10000;SEASHELLS;191.0;11
1651;90500;;;VOLCANIC_ROCK_VOUCHER_10250;SEASHELLS;37.0;11
1652;90500;;;VOLCANIC_ROCK_VOUCHER_10500;SEASHELLS;3.0;11
1653;90500;;;VOLCANIC_ROCK_VOUCHER_9500;SEASHELLS;675.0;11
1654;90500;;;VOLCANIC_ROCK_VOUCHER_9750;SEASHELLS;426.0;11
1655;90700;;;DJEMBES;SEASHELLS;13291.0;2
1656;90700;;;KELP;SEASHELLS;2042.0;1
1657;90700;;;RAINFOREST_RESIN;SEASHELLS;10001.0;1
1658;90700;;;SQUID_INK;SEASHELLS;1852.0;1
1659;90800;;;JAMS;SEASHELLS;6516.0;8
1660;90800;;;KELP;SEASHELLS;2042.0;1
1661;90800;;;RAINFOREST_RESIN;SEASHELLS;10008.0;8
1662;90800;;;SQUID_INK;SEASHELLS;1852.0;1
1663;91100;;;DJEMBES;SEASHELLS;13288.0;2
1664;91100;;;KELP;SEASHELLS;2042.0;2
1665;91100;;;SQUID_INK;SEASHELLS;1850.0;2
1666;91200;;;PICNIC_BASKET1;SEASHELLS;58246.0;2
1667;91200;;;PICNIC_BASKET1;SEASHELLS;58245.0;2
1668;91200;;;PICNIC_BASKET2;SEASHELLS;30074.0;4
1669;91300;;;VOLCANIC_ROCK;SEASHELLS;10173.0;10
1670;91500;;;CROISSANTS;SEASHELLS;4240.0;8
1671;91600;;;DJEMBES;SEASHELLS;13288.0;5
1672;91600;;;RAINFOREST_RESIN;SEASHELLS;9992.0;7
1673;91700;;;VOLCANIC_ROCK_VOUCHER_10000;SEASHELLS;192.0;12
1674;91700;;;VOLCANIC_ROCK_VOUCHER_10000;SEASHELLS;192.0;1
1675;91700;;;VOLCANIC_ROCK_VOUCHER_10250;SEASHELLS;38.0;12
1676;91700;;;VOLCANIC_ROCK_VOUCHER_10250;SEASHELLS;38.0;1
1677;91700;;;VOLCANIC_ROCK_VOUCHER_10500;SEASHELLS;3.0;12
1678;91700;;;VOLCANIC_ROCK_VOUCHER_10500;SEASHELLS;3.0;1
1679;91700;;;VOLCANIC_ROCK_VOUCHER_9500;SEASHELLS;675.0;12
1680;91700;;;VOLCANIC_ROCK_VOUCHER_9500;SEASHELLS;675.0;1
1681;91700;;;VOLCANIC_ROCK_VOUCHER_9750;SEASHELLS;426.0;12
1682;91700;;;VOLCANIC_ROCK_VOUCHER_9750;SEASHELLS;426.0;1
1683;91800;;;KELP;SEASHELLS;2043.0;2
1684;91800;;;RAINFOREST_RESIN;SEASHELLS;10008.0;5
1685;91800;;;RAINFOREST_RESIN;SEASHELLS;9992.0;1
1686;91800;;;SQUID_INK;SEASHELLS;1847.0;2
1687;91900;;;PICNIC_BASKET1;SEASHELLS;58239.0;1
1688;91900;;;PICNIC_BASKET1;SEASHELLS;58239.0;5
1689;91900;;;PICNIC_BASKET2;SEASHELLS;30084.0;6
1690;91900;;;VOLCANIC_ROCK;SEASHELLS;10175.0;2
1691;92000;;;JAMS;SEASHELLS;6516.0;4
1693;92000;;;RAINFOREST_RESIN;SEASHELLS;9992.0;2
1694;92200;;;VOLCANIC_ROCK_VOUCHER_10000;SEASHELLS;191.0;13
1695;92200;;;VOLCANIC_ROCK_VOUCHER_10000;SEASHELLS;191.0;1
1696;92200;;;VOLCANIC_ROCK_VOUCHER_10250;SEASHELLS;37.0;13
1697;92200;;;VOLCANIC_ROCK_VOUCHER_10250;SEASHELLS;37.0;1
1698;92200;;;VOLCANIC_ROCK_VOUCHER_10500;SEASHELLS;3.0;13
1699;92200;;;VOLCANIC_ROCK_VOUCHER_10500;SEASHELLS;3.0;1
1700;92200;;;VOLCANIC_ROCK_VOUCHER_9500;SEASHELLS;675.0;13
1701;92200;;;VOLCANIC_ROCK_VOUCHER_9500;SEASHELLS;675.0;1
1702;92200;;;VOLCANIC_ROCK_VOUCHER_9750;SEASHELLS;426.0;13
1703;92200;;;VOLCANIC_ROCK_VOUCHER_9750;SEASHELLS;426.0;1
1704;92400;;;KELP;SEASHELLS;2044.0;2
1705;92400;;;SQUID_INK;SEASHELLS;1848.0;2
1706;92400;;;VOLCANIC_ROCK;SEASHELLS;10173.0;10
1707;92600;;;DJEMBES;SEASHELLS;13287.0;4
1708;92600;;;DJEMBES;SEASHELLS;13287.0;1
1709;92800;;;DJEMBES;SEASHELLS;13289.0;1
1710;92800;;;RAINFOREST_RESIN;SEASHELLS;10008.0;7
1711;93100;;;KELP;SEASHELLS;2043.0;2
1712;93100;;;SQUID_INK;SEASHELLS;1848.0;2
1713;93200;;;DJEMBES;SEASHELLS;13287.0;3
1714;93300;;;DJEMBES;SEASHELLS;13287.0;2
1715;93300;;;KELP;SEASHELLS;2042.0;2
1716;93300;;;SQUID_INK;SEASHELLS;1847.0;2
1717;93400;;;CROISSANTS;SEASHELLS;4238.0;4
1718;93400;;;PICNIC_BASKET1;SEASHELLS;58247.0;5
1719;93400;;;PICNIC_BASKET2;SEASHELLS;30081.0;5
1720;93600;;;JAMS;SEASHELLS;6516.0;3
1721;93700;;;KELP;SEASHELLS;2043.0;1
1722;93700;;;SQUID_INK;SEASHELLS;1847.0;1
1723;93900;;;DJEMBES;SEASHELLS;13290.0;4
1724;93900;;;KELP;SEASHELLS;2042.0;1
1725;93900;;;SQUID_INK;SEASHELLS;1847.0;1
1726;93900;;;SQUID_INK;SEASHELLS;1848.0;4
1727;94300;;;CROISSANTS;SEASHELLS;4237.0;6
1728;94500;;;JAMS;SEASHELLS;6516.0;8
1729;94500;;;RAINFOREST_RESIN;SEASHELLS;10008.0;1
1730;94600;;;JAMS;SEASHELLS;6516.0;4
1731;94600;;;KELP;SEASHELLS;2045.0;1
1732;94600;;;RAINFOREST_RESIN;SEASHELLS;9997.0;6
1733;94600;;;SQUID_INK;SEASHELLS;1849.0;1
1734;94800;;;JAMS;SEASHELLS;6516.0;10
1735;94800;;;RAINFOREST_RESIN;SEASHELLS;9997.0;9
1736;95000;;;PICNIC_BASKET1;SEASHELLS;58226.0;9
1737;95000;;;PICNIC_BASKET2;SEASHELLS;30075.0;9
1738;95000;;;RAINFOREST_RESIN;SEASHELLS;10008.0;2
1739;95100;;;RAINFOREST_RESIN;SEASHELLS;9992.0;2
1740;95100;;;RAINFOREST_RESIN;SEASHELLS;9999.0;1
1741;95200;;;CROISSANTS;SEASHELLS;4237.0;5
1742;95400;;;DJEMBES;SEASHELLS;13283.0;4
1743;95400;;;KELP;SEASHELLS;2046.0;11
1744;95400;;;SQUID_INK;SEASHELLS;1847.0;11
1745;95600;;;RAINFOREST_RESIN;SEASHELLS;10008.0;6
1746;95900;;;RAINFOREST_RESIN;SEASHELLS;10001.0;1
1747;96100;;;RAINFOREST_RESIN;SEASHELLS;9992.0;2
1748;96200;;;KELP;SEASHELLS;2043.0;1
1749;96200;;;SQUID_INK;SEASHELLS;1842.0;1
1750;96500;;;RAINFOREST_RESIN;SEASHELLS;9997.0;1
1751;96900;;;KELP;SEASHELLS;2045.0;1
1752;96900;;;SQUID_INK;SEASHELLS;1846.0;1
1753;97100;;;PICNIC_BASKET1;SEASHELLS;58236.0;5
1754;97100;;;PICNIC_BASKET2;SEASHELLS;30060.0;5
1755;97100;;;VOLCANIC_ROCK_VOUCHER_10000;SEASHELLS;188.0;19
1756;97100;;;VOLCANIC_ROCK_VOUCHER_10000;SEASHELLS;188.0;1
1757;97100;;;VOLCANIC_ROCK_VOUCHER_10250;SEASHELLS;38.0;19
1758;97100;;;VOLCANIC_ROCK_VOUCHER_10250;SEASHELLS;38.0;1
1759;97100;;;VOLCANIC_ROCK_VOUCHER_10500;SEASHELLS;3.0;19
1760;97100;;;VOLCANIC_ROCK_VOUCHER_10500;SEASHELLS;3.0;1
1761;97100;;;VOLCANIC_ROCK_VOUCHER_9500;SEASHELLS;676.0;19
1762;97100;;;VOLCANIC_ROCK_VOUCHER_9500;SEASHELLS;676.0;1
1763;97100;;;VOLCANIC_ROCK_VOUCHER_9750;SEASHELLS;427.0;19
1764;97100;;;VOLCANIC_ROCK_VOUCHER_9750;SEASHELLS;427.0;1
1765;97500;;;JAMS;SEASHELLS;6518.0;10
1766;97500;;;RAINFOREST_RESIN;SEASHELLS;10008.0;7
1767;97500;;;VOLCANIC_ROCK;SEASHELLS;10177.0;3
1768;97600;;;DJEMBES;SEASHELLS;13291.0;4
1769;97600;;;VOLCANIC_ROCK_VOUCHER_10000;SEASHELLS;192.0;12
1770;97600;;;VOLCANIC_ROCK_VOUCHER_10250;SEASHELLS;38.0;12
1771;97600;;;VOLCANIC_ROCK_VOUCHER_10500;SEASHELLS;3.0;12
1772;97600;;;VOLCANIC_ROCK_VOUCHER_9500;SEASHELLS;678.0;12
1773;97600;;;VOLCANIC_ROCK_VOUCHER_9750;SEASHELLS;429.0;12
1774;97700;;;KELP;SEASHELLS;2043.0;1
1775;97700;;;KELP;SEASHELLS;2046.0;12
1776;97700;;;KELP;SEASHELLS;2046.0;1
1777;97700;;;SQUID_INK;SEASHELLS;1843.0;1
1778;97700;;;SQUID_INK;SEASHELLS;1846.0;12
1779;97700;;;SQUID_INK;SEASHELLS;1846.0;1
1780;97800;;;DJEMBES;SEASHELLS;13291.0;1
1783;97900;;;VOLCANIC_ROCK;SEASHELLS;10178.0;7
1784;98000;;;VOLCANIC_ROCK_VOUCHER_10000;SEASHELLS;193.0;18
1785;98000;;;VOLCANIC_ROCK_VOUCHER_9500;SEASHELLS;678.0;18
1786;98000;;;VOLCANIC_ROCK_VOUCHER_9750;SEASHELLS;429.0;18
1787;98100;;;DJEMBES;SEASHELLS;13291.0;7
1788;98300;;;KELP;SEASHELLS;2043.0;5
1789;98300;;;SQUID_INK;SEASHELLS;1846.0;5
1790;98400;;;DJEMBES;SEASHELLS;13291.0;5
1791;98500;;;RAINFOREST_RESIN;SEASHELLS;9992.0;2
1792;98600;;;CROISSANTS;SEASHELLS;4235.0;7
1793;98600;;;JAMS;SEASHELLS;6516.0;10
1794;98600;;;RAINFOREST_RESIN;SEASHELLS;9998.0;4
1795;98600;;;VOLCANIC_ROCK;SEASHELLS;10180.0;7
1796;98700;;;KELP;SEASHELLS;2043.0;2
1797;98700;;;RAINFOREST_RESIN;SEASHELLS;9992.0;4
1798;98700;;;SQUID_INK;SEASHELLS;1847.0;2
1799;98900;;;CROISSANTS;SEASHELLS;4235.0;6
1800;98900;;;KELP;SEASHELLS;2045.0;1
1801;98900;;;SQUID_INK;SEASHELLS;1850.0;1
1802;98900;;;VOLCANIC_ROCK_VOUCHER_10000;SEASHELLS;193.0;15
1803;98900;;;VOLCANIC_ROCK_VOUCHER_10250;SEASHELLS;39.0;15
1804;98900;;;VOLCANIC_ROCK_VOUCHER_10500;SEASHELLS;3.0;15
1805;98900;;;VOLCANIC_ROCK_VOUCHER_9500;SEASHELLS;681.0;15
1806;98900;;;VOLCANIC_ROCK_VOUCHER_9750;SEASHELLS;431.0;15
1807;99000;;;VOLCANIC_ROCK;SEASHELLS;10180.0;10
1808;99100;;;KELP;SEASHELLS;2043.0;1
1809;99100;;;SQUID_INK;SEASHELLS;1848.0;1
1810;99300;;;KELP;SEASHELLS;2046.0;9
1811;99300;;;SQUID_INK;SEASHELLS;1851.0;9
1812;99400;;;RAINFOREST_RESIN;SEASHELLS;9998.0;4
1813;99500;;;DJEMBES;SEASHELLS;13293.0;2
1814;99500;;;JAMS;SEASHELLS;6516.0;8
1815;99700;;;KELP;SEASHELLS;2043.0;1
1816;99700;;;SQUID_INK;SEASHELLS;1849.0;1
1817;99700;;;VOLCANIC_ROCK_VOUCHER_10000;SEASHELLS;187.0;10
1818;99700;;;VOLCANIC_ROCK_VOUCHER_10250;SEASHELLS;37.0;10
1819;99700;;;VOLCANIC_ROCK_VOUCHER_10500;SEASHELLS;3.0;10
1820;99700;;;VOLCANIC_ROCK_VOUCHER_9500;SEASHELLS;674.0;10
1821;99700;;;VOLCANIC_ROCK_VOUCHER_9750;SEASHELLS;425.0;10
1822;99800;;;VOLCANIC_ROCK;SEASHELLS;10175.0;8
1823;99900;;;CROISSANTS;SEASHELLS;4237.0;7
1824;100100;;;KELP;SEASHELLS;2047.0;1
1825;100100;;;SQUID_INK;SEASHELLS;1853.0;1
1826;100200;;;RAINFOREST_RESIN;SEASHELLS;9992.0;5
1827;100200;;;RAINFOREST_RESIN;SEASHELLS;9992.0;5
1828;100300;;;VOLCANIC_ROCK_VOUCHER_10000;SEASHELLS;191.0;10
1829;100300;;;VOLCANIC_ROCK_VOUCHER_10250;SEASHELLS;38.0;10
1830;100300;;;VOLCANIC_ROCK_VOUCHER_10500;SEASHELLS;3.0;10
1831;100300;;;VOLCANIC_ROCK_VOUCHER_9500;SEASHELLS;677.0;10
1832;100300;;;VOLCANIC_ROCK_VOUCHER_9750;SEASHELLS;427.0;10
1833;100400;;;KELP;SEASHELLS;2047.0;8
1834;100400;;;SQUID_INK;SEASHELLS;1853.0;8
1835;100500;;;RAINFOREST_RESIN;SEASHELLS;9997.0;8
1836;100600;;;SQUID_INK;SEASHELLS;1852.0;5
1837;100800;;;JAMS;SEASHELLS;6517.0;5
1838;101000;;;KELP;SEASHELLS;2043.0;12
1839;101000;;;SQUID_INK;SEASHELLS;1851.0;12
1840;101100;;;KELP;SEASHELLS;2044.0;2
1841;101100;;;SQUID_INK;SEASHELLS;1852.0;2
1842;101200;;;CROISSANTS;SEASHELLS;4240.0;5
1843;101300;;;KELP;SEASHELLS;2044.0;1
1844;101300;;;RAINFOREST_RESIN;SEASHELLS;10001.0;1
1845;101300;;;SQUID_INK;SEASHELLS;1852.0;1
1846;101400;;;KELP;SEASHELLS;2047.0;12
1847;101400;;;RAINFOREST_RESIN;SEASHELLS;10000.0;2
1848;101400;;;SQUID_INK;SEASHELLS;1854.0;12
1849;101500;;;DJEMBES;SEASHELLS;13288.0;4
1850;101500;;;VOLCANIC_ROCK;SEASHELLS;10172.0;2
1851;101500;;;VOLCANIC_ROCK_VOUCHER_10000;SEASHELLS;187.0;16
1852;101500;;;VOLCANIC_ROCK_VOUCHER_10250;SEASHELLS;37.0;16
1853;101500;;;VOLCANIC_ROCK_VOUCHER_10500;SEASHELLS;3.0;16
1854;101500;;;VOLCANIC_ROCK_VOUCHER_9500;SEASHELLS;673.0;16
1855;101500;;;VOLCANIC_ROCK_VOUCHER_9750;SEASHELLS;424.0;16
1856;101700;;;RAINFOREST_RESIN;SEASHELLS;10002.0;2
1857;101700;;;RAINFOREST_RESIN;SEASHELLS;10002.0;1
1858;101900;;;CROISSANTS;SEASHELLS;4239.0;8
1859;101900;;;KELP;SEASHELLS;2044.0;4
1860;101900;;;KELP;SEASHELLS;2047.0;15
1861;101900;;;SQUID_INK;SEASHELLS;1852.0;4
1862;101900;;;SQUID_INK;SEASHELLS;1855.0;15
1863;102000;;;KELP;SEASHELLS;2044.0;1
1864;102000;;;PICNIC_BASKET1;SEASHELLS;58253.0;1
1865;102000;;;PICNIC_BASKET1;SEASHELLS;58252.0;4
1866;102000;;;PICNIC_BASKET2;SEASHELLS;30065.0;5
1867;102000;;;SQUID_INK;SEASHELLS;1853.0;1
1868;102100;;;JAMS;SEASHELLS;6516.0;6
1869;102300;;;VOLCANIC_ROCK_VOUCHER_10000;SEASHELLS;183.0;18
1870;102300;;;VOLCANIC_ROCK_VOUCHER_10000;SEASHELLS;183.0;1
1871;102300;;;VOLCANIC_ROCK_VOUCHER_10250;SEASHELLS;35.0;18
1872;102300;;;VOLCANIC_ROCK_VOUCHER_10250;SEASHELLS;35.0;1
1873;102300;;;VOLCANIC_ROCK_VOUCHER_10500;SEASHELLS;3.0;18
1874;102300;;;VOLCANIC_ROCK_VOUCHER_10500;SEASHELLS;3.0;1
1875;102300;;;VOLCANIC_ROCK_VOUCHER_9500;SEASHELLS;668.0;18
1876;102300;;;VOLCANIC_ROCK_VOUCHER_9500;SEASHELLS;668.0;1
1877;102300;;;VOLCANIC_ROCK_VOUCHER_9750;SEASHELLS;419.0;18
1878;102300;;;VOLCANIC_ROCK_VOUCHER_9750;SEASHELLS;419.0;1
1879;102400;;;PICNIC_BASKET1;SEASHELLS;58270.0;2
1880;102400;;;PICNIC_BASKET2;SEASHELLS;30073.0;6
1881;102500;;;CROISSANTS;SEASHELLS;4241.0;8
1882;102500;;;KELP;SEASHELLS;2043.0;1
1883;102500;;;SQUID_INK;SEASHELLS;1853.0;1
1884;102600;;;VOLCANIC_ROCK;SEASHELLS;10172.0;6
1885;102800;;;DJEMBES;SEASHELLS;13289.0;3
1886;102800;;;VOLCANIC_ROCK_VOUCHER_10000;SEASHELLS;188.0;11
1887;102800;;;VOLCANIC_ROCK_VOUCHER_10000;SEASHELLS;188.0;2
1888;102800;;;VOLCANIC_ROCK_VOUCHER_9500;SEASHELLS;673.0;11
1889;102800;;;VOLCANIC_ROCK_VOUCHER_9500;SEASHELLS;673.0;2
1890;102800;;;VOLCANIC_ROCK_VOUCHER_9750;SEASHELLS;424.0;11
1891;102800;;;VOLCANIC_ROCK_VOUCHER_9750;SEASHELLS;424.0;2
1892;102900;;;VOLCANIC_ROCK_VOUCHER_10000;SEASHELLS;192.0;14
1893;102900;;;VOLCANIC_ROCK_VOUCHER_10000;SEASHELLS;192.0;1
1894;102900;;;VOLCANIC_ROCK_VOUCHER_10000;SEASHELLS;192.0;3
1895;102900;;;VOLCANIC_ROCK_VOUCHER_9500;SEASHELLS;675.0;14
1896;102900;;;VOLCANIC_ROCK_VOUCHER_9500;SEASHELLS;675.0;1
1897;102900;;;VOLCANIC_ROCK_VOUCHER_9500;SEASHELLS;675.0;3
1898;102900;;;VOLCANIC_ROCK_VOUCHER_9750;SEASHELLS;426.0;14
1899;102900;;;VOLCANIC_ROCK_VOUCHER_9750;SEASHELLS;426.0;1
1900;102900;;;VOLCANIC_ROCK_VOUCHER_9750;SEASHELLS;426.0;3
1901;103000;;;DJEMBES;SEASHELLS;13288.0;2
1902;103100;;;CROISSANTS;SEASHELLS;4240.0;9
1903;103300;;;RAINFOREST_RESIN;SEASHELLS;9998.0;5
1904;103400;;;CROISSANTS;SEASHELLS;4240.0;7
1905;103400;;;KELP;SEASHELLS;2047.0;9
1906;103400;;;SQUID_INK;SEASHELLS;1855.0;9
1907;103500;;;RAINFOREST_RESIN;SEASHELLS;10000.0;4
1908;103600;;;DJEMBES;SEASHELLS;13287.0;4
1909;103700;;;RAINFOREST_RESIN;SEASHELLS;10001.0;1
1910;103900;;;JAMS;SEASHELLS;6518.0;9
1911;103900;;;KELP;SEASHELLS;2043.0;4
1912;103900;;;KELP;SEASHELLS;2046.0;1
1913;103900;;;SQUID_INK;SEASHELLS;1853.0;4
1914;103900;;;SQUID_INK;SEASHELLS;1856.0;1
1916;104100;;;CROISSANTS;SEASHELLS;4242.0;5
1917;104100;;;KELP;SEASHELLS;2043.0;8
1918;104100;;;SQUID_INK;SEASHELLS;1853.0;8
1919;104100;;;VOLCANIC_ROCK;SEASHELLS;10167.0;10
1920;104200;;;KELP;SEASHELLS;2043.0;1
1921;104200;;;SQUID_INK;SEASHELLS;1853.0;1
1922;104300;;;JAMS;SEASHELLS;6519.0;8
1923;104300;;;KELP;SEASHELLS;2045.0;1
1924;104300;;;SQUID_INK;SEASHELLS;1855.0;1
1925;104300;;;VOLCANIC_ROCK_VOUCHER_10000;SEASHELLS;187.0;18
1926;104300;;;VOLCANIC_ROCK_VOUCHER_10250;SEASHELLS;36.0;18
1927;104300;;;VOLCANIC_ROCK_VOUCHER_10500;SEASHELLS;3.0;18
1928;104300;;;VOLCANIC_ROCK_VOUCHER_9500;SEASHELLS;671.0;18
1929;104300;;;VOLCANIC_ROCK_VOUCHER_9750;SEASHELLS;423.0;18
1930;104400;;;CROISSANTS;SEASHELLS;4241.0;8
1931;104400;;;JAMS;SEASHELLS;6519.0;4
1932;104500;;;RAINFOREST_RESIN;SEASHELLS;9992.0;2
1933;104600;;;DJEMBES;SEASHELLS;13290.0;4
1934;104700;;;KELP;SEASHELLS;2043.0;1
1935;104700;;;RAINFOREST_RESIN;SEASHELLS;9992.0;8
1936;104700;;;SQUID_INK;SEASHELLS;1854.0;1
1937;104800;;;CROISSANTS;SEASHELLS;4241.0;6
1938;104800;;;JAMS;SEASHELLS;6520.0;4
1939;104900;;;RAINFOREST_RESIN;SEASHELLS;10008.0;5
1940;105000;;;DJEMBES;SEASHELLS;13288.0;4
1941;105000;;;VOLCANIC_ROCK_VOUCHER_10000;SEASHELLS;181.0;13
1942;105000;;;VOLCANIC_ROCK_VOUCHER_10250;SEASHELLS;34.0;13
1943;105000;;;VOLCANIC_ROCK_VOUCHER_10500;SEASHELLS;3.0;13
1944;105000;;;VOLCANIC_ROCK_VOUCHER_9750;SEASHELLS;417.0;13
1945;105300;;;KELP;SEASHELLS;2044.0;8
1946;105300;;;KELP;SEASHELLS;2047.0;2
1947;105300;;;SQUID_INK;SEASHELLS;1854.0;8
1948;105300;;;SQUID_INK;SEASHELLS;1858.0;2
1949;105400;;;KELP;SEASHELLS;2044.0;11
1950;105400;;;SQUID_INK;SEASHELLS;1854.0;11
1951;105500;;;DJEMBES;SEASHELLS;13289.0;1
1952;105500;;;SQUID_INK;SEASHELLS;1856.0;4
1953;105600;;;KELP;SEASHELLS;2044.0;1
1954;105600;;;RAINFOREST_RESIN;SEASHELLS;9992.0;4
1955;105600;;;SQUID_INK;SEASHELLS;1854.0;1
1956;105800;;;KELP;SEASHELLS;2048.0;1
1957;105800;;;RAINFOREST_RESIN;SEASHELLS;9992.0;5
1958;105800;;;SQUID_INK;SEASHELLS;1858.0;1
1959;106100;;;JAMS;SEASHELLS;6519.0;10
1960;106200;;;VOLCANIC_ROCK_VOUCHER_10000;SEASHELLS;179.0;16
1961;106200;;;VOLCANIC_ROCK_VOUCHER_10250;SEASHELLS;34.0;16
1962;106200;;;VOLCANIC_ROCK_VOUCHER_10500;SEASHELLS;3.0;16
1963;106200;;;VOLCANIC_ROCK_VOUCHER_9500;SEASHELLS;664.0;16
1964;106200;;;VOLCANIC_ROCK_VOUCHER_9750;SEASHELLS;415.0;16
1965;106300;;;KELP;SEASHELLS;2044.0;1
1966;106300;;;SQUID_INK;SEASHELLS;1855.0;1
1967;106400;;;DJEMBES;SEASHELLS;13290.0;5
1968;106400;;;VOLCANIC_ROCK_VOUCHER_10000;SEASHELLS;181.0;13
1969;106400;;;VOLCANIC_ROCK_VOUCHER_10000;SEASHELLS;181.0;1
1970;106400;;;VOLCANIC_ROCK_VOUCHER_10250;SEASHELLS;34.0;13
1971;106400;;;VOLCANIC_ROCK_VOUCHER_10250;SEASHELLS;34.0;1
1972;106400;;;VOLCANIC_ROCK_VOUCHER_10500;SEASHELLS;3.0;13
1973;106400;;;VOLCANIC_ROCK_VOUCHER_10500;SEASHELLS;3.0;1
1974;106400;;;VOLCANIC_ROCK_VOUCHER_9500;SEASHELLS;665.0;13
1975;106400;;;VOLCANIC_ROCK_VOUCHER_9500;SEASHELLS;665.0;1
1976;106400;;;VOLCANIC_ROCK_VOUCHER_9750;SEASHELLS;416.0;13
1977;106400;;;VOLCANIC_ROCK_VOUCHER_9750;SEASHELLS;416.0;1
1978;106500;;;KELP;SEASHELLS;2044.0;1
1979;106500;;;RAINFOREST_RESIN;SEASHELLS;9999.0;1
1980;106500;;;SQUID_INK;SEASHELLS;1854.0;1
1981;106600;;;CROISSANTS;SEASHELLS;4240.0;6
1982;106700;;;VOLCANIC_ROCK;SEASHELLS;10168.0;10
1983;106800;;;RAINFOREST_RESIN;SEASHELLS;9999.0;1
1984;106900;;;DJEMBES;SEASHELLS;13288.0;5
1985;107000;;;KELP;SEASHELLS;2044.0;1
1986;107000;;;SQUID_INK;SEASHELLS;1854.0;1
1987;107100;;;CROISSANTS;SEASHELLS;4240.0;7
1988;107300;;;KELP;SEASHELLS;2044.0;5
1989;107300;;;RAINFOREST_RESIN;SEASHELLS;10008.0;1
1990;107300;;;SQUID_INK;SEASHELLS;1854.0;5
1991;107300;;;VOLCANIC_ROCK_VOUCHER_10000;SEASHELLS;187.0;12
1992;107300;;;VOLCANIC_ROCK_VOUCHER_10250;SEASHELLS;36.0;12
1993;107300;;;VOLCANIC_ROCK_VOUCHER_10500;SEASHELLS;3.0;12
1994;107300;;;VOLCANIC_ROCK_VOUCHER_9500;SEASHELLS;670.0;12
1995;107300;;;VOLCANIC_ROCK_VOUCHER_9750;SEASHELLS;421.0;12
1996;107400;;;KELP;SEASHELLS;2043.0;1
1997;107400;;;RAINFOREST_RESIN;SEASHELLS;9992.0;6
1998;107400;;;SQUID_INK;SEASHELLS;1854.0;1
1999;107700;;;KELP;SEASHELLS;2043.0;1
2000;107700;;;SQUID_INK;SEASHELLS;1853.0;1
2001;107900;;;JAMS;SEASHELLS;6519.0;8
2002;108000;;;JAMS;SEASHELLS;6517.0;4
2003;108000;;;KELP;SEASHELLS;2045.0;1
2004;108000;;;SQUID_INK;SEASHELLS;1855.0;1
2005;108200;;;CROISSANTS;SEASHELLS;4238.0;8
2006;108200;;;KELP;SEASHELLS;2044.0;1
2007;108200;;;PICNIC_BASKET1;SEASHELLS;58314.0;1
2008;108200;;;RAINFOREST_RESIN;SEASHELLS;10008.0;6
2009;108200;;;SQUID_INK;SEASHELLS;1852.0;1
2010;108400;;;CROISSANTS;SEASHELLS;4239.0;7
2011;108500;;;VOLCANIC_ROCK;SEASHELLS;10171.0;6
2012;108500;;;VOLCANIC_ROCK;SEASHELLS;10172.0;6
2013;108600;;;JAMS;SEASHELLS;6519.0;6
2014;108600;;;RAINFOREST_RESIN;SEASHELLS;9992.0;2
2015;109000;;;KELP;SEASHELLS;2046.0;1
2016;109000;;;RAINFOREST_RESIN;SEASHELLS;9992.0;10
2017;109000;;;SQUID_INK;SEASHELLS;1854.0;1
2018;109000;;;VOLCANIC_ROCK;SEASHELLS;10168.0;5
2019;109200;;;RAINFOREST_RESIN;SEASHELLS;10008.0;1
2020;109300;;;KELP;SEASHELLS;2046.0;1
2021;109300;;;SQUID_INK;SEASHELLS;1854.0;1
2022;109400;;;CROISSANTS;SEASHELLS;4238.0;4
2023;109400;;;JAMS;SEASHELLS;6519.0;8
2024;109500;;;DJEMBES;SEASHELLS;13289.0;1
2025;109500;;;JAMS;SEASHELLS;6518.0;3
2026;109600;;;RAINFOREST_RESIN;SEASHELLS;10008.0;8
2027;109700;;;KELP;SEASHELLS;2044.0;12
2028;109700;;;SQUID_INK;SEASHELLS;1852.0;12
2029;109800;;;DJEMBES;SEASHELLS;13290.0;3
2030;110100;;;PICNIC_BASKET1;SEASHELLS;58300.0;1
2031;110100;;;PICNIC_BASKET2;SEASHELLS;30061.0;7
2032;110300;;;VOLCANIC_ROCK_VOUCHER_10000;SEASHELLS;180.0;15
2033;110300;;;VOLCANIC_ROCK_VOUCHER_10000;SEASHELLS;180.0;1
2034;110300;;;VOLCANIC_ROCK_VOUCHER_10250;SEASHELLS;35.0;15
2035;110300;;;VOLCANIC_ROCK_VOUCHER_10250;SEASHELLS;35.0;1
2036;110300;;;VOLCANIC_ROCK_VOUCHER_9500;SEASHELLS;666.0;15
2037;110300;;;VOLCANIC_ROCK_VOUCHER_9500;SEASHELLS;666.0;1
2038;110300;;;VOLCANIC_ROCK_VOUCHER_9750;SEASHELLS;417.0;15
2039;110300;;;VOLCANIC_ROCK_VOUCHER_9750;SEASHELLS;417.0;1
2040;110400;;;PICNIC_BASKET1;SEASHELLS;58305.0;6
2041;110400;;;PICNIC_BASKET2;SEASHELLS;30064.0;6
2042;110600;;;VOLCANIC_ROCK_VOUCHER_10000;SEASHELLS;181.0;16
2043;110600;;;VOLCANIC_ROCK_VOUCHER_10250;SEASHELLS;35.0;16
2044;110600;;;VOLCANIC_ROCK_VOUCHER_10500;SEASHELLS;3.0;16
2045;110600;;;VOLCANIC_ROCK_VOUCHER_9500;SEASHELLS;666.0;16
2046;110600;;;VOLCANIC_ROCK_VOUCHER_9750;SEASHELLS;417.0;16
2048;110800;;;DJEMBES;SEASHELLS;13293.0;3
2049;111100;;;RAINFOREST_RESIN;SEASHELLS;9992.0;2
2050;111300;;;DJEMBES;SEASHELLS;13293.0;5
2051;111300;;;KELP;SEASHELLS;2047.0;1
2052;111300;;;SQUID_INK;SEASHELLS;1853.0;1
2053;111400;;;KELP;SEASHELLS;2044.0;1
2054;111400;;;PICNIC_BASKET1;SEASHELLS;58310.0;2
2055;111400;;;PICNIC_BASKET2;SEASHELLS;30064.0;2
2056;111400;;;SQUID_INK;SEASHELLS;1848.0;1
2057;111500;;;KELP;SEASHELLS;2046.0;1
2058;111500;;;RAINFOREST_RESIN;SEASHELLS;9992.0;4
2059;111500;;;SQUID_INK;SEASHELLS;1850.0;1
2060;111600;;;VOLCANIC_ROCK_VOUCHER_10000;SEASHELLS;181.0;10
2061;111600;;;VOLCANIC_ROCK_VOUCHER_9500;SEASHELLS;666.0;10
2062;111600;;;VOLCANIC_ROCK_VOUCHER_9750;SEASHELLS;417.0;10
2063;111900;;;KELP;SEASHELLS;2046.0;1
2064;111900;;;SQUID_INK;SEASHELLS;1848.0;1
2065;112000;;;RAINFOREST_RESIN;SEASHELLS;9999.0;1
2066;112000;;;VOLCANIC_ROCK;SEASHELLS;10162.0;8
2067;112100;;;KELP;SEASHELLS;2044.0;1
2068;112100;;;SQUID_INK;SEASHELLS;1847.0;1
2069;112300;;;VOLCANIC_ROCK_VOUCHER_10000;SEASHELLS;177.0;15
2070;112300;;;VOLCANIC_ROCK_VOUCHER_10000;SEASHELLS;177.0;1
2071;112300;;;VOLCANIC_ROCK_VOUCHER_9500;SEASHELLS;662.0;15
2072;112300;;;VOLCANIC_ROCK_VOUCHER_9500;SEASHELLS;662.0;1
2073;112300;;;VOLCANIC_ROCK_VOUCHER_9750;SEASHELLS;413.0;15
2074;112300;;;VOLCANIC_ROCK_VOUCHER_9750;SEASHELLS;413.0;1
2075;112400;;;DJEMBES;SEASHELLS;13292.0;4
2076;112400;;;PICNIC_BASKET1;SEASHELLS;58322.0;1
2077;112400;;;PICNIC_BASKET2;SEASHELLS;30071.0;1
2078;112500;;;RAINFOREST_RESIN;SEASHELLS;9997.0;2
2079;112500;;;VOLCANIC_ROCK_VOUCHER_10000;SEASHELLS;181.0;10
2080;112500;;;VOLCANIC_ROCK_VOUCHER_10250;SEASHELLS;34.0;10
2081;112500;;;VOLCANIC_ROCK_VOUCHER_9500;SEASHELLS;663.0;10
2082;112500;;;VOLCANIC_ROCK_VOUCHER_9750;SEASHELLS;414.0;10
2083;112700;;;CROISSANTS;SEASHELLS;4240.0;6
2084;112700;;;JAMS;SEASHELLS;6518.0;3
2086;112800;;;CROISSANTS;SEASHELLS;4240.0;5
2087;112800;;;RAINFOREST_RESIN;SEASHELLS;10008.0;4
2088;112900;;;JAMS;SEASHELLS;6518.0;9
2089;113200;;;JAMS;SEASHELLS;6520.0;8
2090;113300;;;DJEMBES;SEASHELLS;13293.0;11
2091;113300;;;DJEMBES;SEASHELLS;13295.0;4
2092;113300;;;KELP;SEASHELLS;2046.0;1
2093;113300;;;SQUID_INK;SEASHELLS;1850.0;1
2094;113500;;;JAMS;SEASHELLS;6520.0;5
2095;113600;;;PICNIC_BASKET1;SEASHELLS;58320.0;8
2096;113600;;;PICNIC_BASKET2;SEASHELLS;30072.0;8
2097;113700;;;KELP;SEASHELLS;2046.0;1
2098;113700;;;SQUID_INK;SEASHELLS;1850.0;1
2099;113900;;;RAINFOREST_RESIN;SEASHELLS;10000.0;5
2100;114000;;;RAINFOREST_RESIN;SEASHELLS;9992.0;4
2101;114200;;;VOLCANIC_ROCK;SEASHELLS;10165.0;8
2102;114500;;;PICNIC_BASKET1;SEASHELLS;58321.0;2
2103;114500;;;PICNIC_BASKET1;SEASHELLS;58321.0;1
2104;114500;;;PICNIC_BASKET2;SEASHELLS;30080.0;2
2105;114500;;;PICNIC_BASKET2;SEASHELLS;30080.0;1
2106;114500;;;RAINFOREST_RESIN;SEASHELLS;10001.0;1
2107;114700;;;KELP;SEASHELLS;2044.0;1
2108;114700;;;RAINFOREST_RESIN;SEASHELLS;10008.0;2
2109;114700;;;RAINFOREST_RESIN;SEASHELLS;10001.0;1
2110;114700;;;SQUID_INK;SEASHELLS;1852.0;1
2111;114800;;;CROISSANTS;SEASHELLS;4243.0;7
2112;114900;;;VOLCANIC_ROCK;SEASHELLS;10168.0;2
2113;114900;;;VOLCANIC_ROCK_VOUCHER_10000;SEASHELLS;183.0;14
2114;114900;;;VOLCANIC_ROCK_VOUCHER_10250;SEASHELLS;35.0;14
2115;114900;;;VOLCANIC_ROCK_VOUCHER_10500;SEASHELLS;3.0;14
2116;114900;;;VOLCANIC_ROCK_VOUCHER_9500;SEASHELLS;667.0;14
2117;114900;;;VOLCANIC_ROCK_VOUCHER_9750;SEASHELLS;419.0;14
2118;115000;;;RAINFOREST_RESIN;SEASHELLS;10008.0;2
2119;115300;;;VOLCANIC_ROCK_VOUCHER_10000;SEASHELLS;178.0;10
2120;115300;;;VOLCANIC_ROCK_VOUCHER_10000;SEASHELLS;178.0;1
2121;115300;;;VOLCANIC_ROCK_VOUCHER_10250;SEASHELLS;33.0;10
2122;115300;;;VOLCANIC_ROCK_VOUCHER_10250;SEASHELLS;33.0;1
2123;115300;;;VOLCANIC_ROCK_VOUCHER_10500;SEASHELLS;3.0;10
2124;115300;;;VOLCANIC_ROCK_VOUCHER_10500;SEASHELLS;3.0;1
2125;115300;;;VOLCANIC_ROCK_VOUCHER_9500;SEASHELLS;663.0;10
2126;115300;;;VOLCANIC_ROCK_VOUCHER_9500;SEASHELLS;663.0;1
2127;115300;;;VOLCANIC_ROCK_VOUCHER_9750;SEASHELLS;413.0;10
2128;115300;;;VOLCANIC_ROCK_VOUCHER_9750;SEASHELLS;413.0;1
2129;115400;;;DJEMBES;SEASHELLS;13291.0;5
2130;115400;;;DJEMBES;SEASHELLS;13291.0;4
2131;115400;;;VOLCANIC_ROCK_VOUCHER_10000;SEASHELLS;182.0;11
2132;115400;;;VOLCANIC_ROCK_VOUCHER_10250;SEASHELLS;34.0;11
2133;115400;;;VOLCANIC_ROCK_VOUCHER_10500;SEASHELLS;3.0;11
2134;115400;;;VOLCANIC_ROCK_VOUCHER_9500;SEASHELLS;663.0;11
2135;115400;;;VOLCANIC_ROCK_VOUCHER_9750;SEASHELLS;414.0;11
2136;115500;;;KELP;SEASHELLS;2044.0;1
2137;115500;;;RAINFOREST_RESIN;SEASHELLS;9997.0;8
2138;115500;;;RAINFOREST_RESIN;SEASHELLS;9999.0;1
2139;115500;;;SQUID_INK;SEASHELLS;1852.0;1
2140;115600;;;JAMS;SEASHELLS;6519.0;5
2141;115700;;;JAMS;SEASHELLS;6519.0;11
2142;115800;;;JAMS;SEASHELLS;6521.0;9
2143;115900;;;SQUID_INK;SEASHELLS;1852.0;4
2144;116000;;;JAMS;SEASHELLS;6521.0;4
2145;116100;;;JAMS;SEASHELLS;6519.0;9
2146;116100;;;KELP;SEASHELLS;2047.0;12
2147;116100;;;SQUID_INK;SEASHELLS;1854.0;12
2148;116200;;;DJEMBES;SEASHELLS;13290.0;1
2149;116500;;;DJEMBES;SEASHELLS;13288.0;2
2150;116600;;;RAINFOREST_RESIN;SEASHELLS;9992.0;5
2151;116700;;;RAINFOREST_RESIN;SEASHELLS;10002.0;3
2152;116800;;;RAINFOREST_RESIN;SEASHELLS;9992.0;2
2153;116900;;;RAINFOREST_RESIN;SEASHELLS;10008.0;7
2154;117100;;;KELP;SEASHELLS;2043.0;2
2155;117200;;;JAMS;SEASHELLS;6521.0;5
2156;117300;;;JAMS;SEASHELLS;6521.0;8
2157;117300;;;RAINFOREST_RESIN;SEASHELLS;10001.0;1
